3300 5796
586 454 712 513 GESTA
741 458 781 512 DI
808 457 997 513 FEDERICO
1028 459 1046 512 l.

358 704 551 775 «Mensibus
570 728 644 773 ecce
662 704 762 773 tribus
779 726 840 771 uos
859 704 1029 773 clausimus
1047 705 1214 773 obsidione

357 822 519 911 «Semper
536 820 577 889 de
595 820 701 901 uenia,
721 841 849 909 semper
866 818 905 887 de
923 843 1002 910 pace
1020 840 1179 910 rogantes.

355 941 424 1006 «At
438 959 500 1006 uos
519 935 654 1005 audaces
674 934 763 1003 etad
782 933 908 1003 horrida
927 934 1007 1002 bella
1024 939 1132 1023 parati,

355 1054 549 1120 «Hactenus
567 1048 673 1118 oblate
693 1051 853 1138 spreuistis
871 1072 1005 1117 munera
1020 1052 1116 1139 pacis,

355 1169 516 1256 «Nosque
535 1166 700 1233 lacessistis
719 1164 830 1233 confisi
850 1164 995 1232 menibus
1015 1164 1109 1233 urbis.

354 1285 477 1353 «Nunc
497 1282 626 1350 ueniam
645 1282 749 1369 petitis
768 1304 843 1348 cum
861 1280 925 1347 iam
944 1304 1086 1370 pugnare
1105 1282 1257 1370 nequitis3

353 1401 503 1487 «Magna
521 1396 652 1487 quidem
672 1415 791 1464 uestras
809 1398 911 1465 tenuit
929 1396 1089 1466 dementia
1108 1417 1251 1481 mentes,-

354 1512 463 1595 «Qui,
482 1511 580 1580 clausi
599 1512 709 1593 muris,
727 1533 787 1578 nos
807 1511 933 1578 uincere
952 1534 1045 1600 posse
1063 1514 1214 1601 putastis!
1290 1534 1297 1549 ·

353 1628 532 1697 «Dedecus
551 1645 634 1694 esset
653 1627 741 1694 enim
760 1644 869 1693 nostro
888 1648 944 1714 pet
962 1626 1067 1693 secula
1086 1647 1200 1716 regn0,

353 1744 416 1812 «si
435 1765 496 1810 nos
515 1741 691 1830 despiciens
710 1739 784 1809 urbs
803 1763 899 1830 parua
917 1740 1004 1808 illesa
1022 1762 1176 1811 maneret.

353 1860 451 1926 «Vos
470 1876 579 1924 tamen
598 1873 633 1924 ut
651 1856 766 1945 petitis,
786 1856 859 1944 quia
878 1856 1009 1944 penitet,
1029 1857 1071 1924 ite
1090 1859 1197 1940 soluti,

353 1974 517 2041 «Femina
536 1994 668 2060 masque
686 1970 782 2037 simul
801 1971 888 2058 pueri
907 1972 1103 2060 iuuenesque
1122 1995 1277 2061 senesque

353 2088 511 2157 «Vadant
528 2109 594 2177 quo
613 2087 743 2176 placeat,
763 2088 890 2154 ueniam
911 2086 1035 2171 damus,
1054 2090 1130 2158 urbe
1150 2090 1264 2159 relicta.

353 2204 467 2273 «Urbs
486 2201 636 2292 populata
654 2220 723 2271 ruet
743 2200 829 2269 dabit
848 2204 1093 2293 exemplumque
1112 2207 1212 2287 ruina,

354 2320 464 2401 «Quo
483 2319 616 2387 timeant
635 2318 694 2386 alie
712 2320 897 2387 Romanum
916 2343 1063 2408 spernere
1081 2344 1201 2409 regem.

354 2464 370 2500 u
383 2436 436 2505 Sic
455 2434 584 2502 fortuna
605 2435 690 2502 uices
709 2434 820 2515 uariat,
839 2435 883 2501 sic
902 2433 1013 2501 infima
1032 2437 1167 2503 summis

355 2552 583 2639 «Summaque
599 2567 786 2631 commutat,
802 2572 859 2617 sua
875 2573 948 2617 cum
965 2570 1033 2618 rota
1049 2552 1200 2633 uoluitur,
1215 2554 1299 2642 ymis
1312 2579 1343 2618 n.
1473 2578 1494 2612 e.
1509 2566 1562 2625 848

350 2668 441 2736 Dixit
460 2684 491 2733 et
510 2685 545 2734 ut
564 2665 668 2733 nullus
687 2684 802 2733 noceat
820 2667 957 2753 migrare
976 2666 1121 2734 uolentes

351 2784 501 2871 Imperat
543 2800 671 2869 accepta
689 2782 794 2863 uenia,
814 2804 981 2870 properare
1002 2781 1125 2850 uideres

351 2897 542 2986 Precipitem
560 2896 725 2986 populum,
745 2898 859 2985 patrias
879 2895 1056 2985 relinquere
1075 2897 1166 2966 sedes

352 3013 537 3101 Tamquam
556 3028 640 3079 tecta
659 3034 758 3077 uorax
777 3013 902 3100 penitus
921 3012 1133 3081 flammauerit
1151 3015 1246 3103 ignis,

352 3130 418 3196 Aut
436 3146 517 3195 terre
535 3127 655 3215 quatiat
674 3144 793 3208 motus,
812 3146 944 3194 nutante
963 3152 1074 3216 ruyna.

353 3242 530 3312 Discedunt
548 3244 654 3309 miseri
673 3243 758 3310 ciues
778 3244 919 3332 sociique
939 3243 1095 3327 dolentes,

354 3359 474 3447 Regius
493 3376 524 3425 at
542 3356 634 3424 miles
653 3376 743 3446 capta
763 3357 946 3426 dominatur
965 3360 996 3425 in
1017 3359 1103 3427 urbe.

347 3477 485 3563 Jamque
503 3490 601 3541 ruunt
618 3492 730 3553 turres,
749 3474 813 3539 iam
832 3497 942 3541 murus
961 3474 1076 3543 decidit
1095 3475 1192 3557 urbis,

349 3592 423 3677 Jam
442 3588 595 3657 Tetdona
614 3587 695 3656 cadit
715 3589 854 3658 Romani
871 3591 1019 3680 principis
1039 3592 1092 3657 ira.

399 3705 483 3793 Ergo
502 3705 561 3770 iter
580 3702 742 3791 inceptum
761 3704 882 3791 peragit
901 3705 1004 3771 uictor
1022 3703 1206 3774 Fredericus

354 3822 394 3888 Et
412 3818 553 3908 graditur
572 3819 724 3899 Romam,
743 3820 875 3906 Ligures
895 3818 1037 3887 hortatus
1058 3820 1194 3889 amande

354 3937 444 4003 Pacis
463 3938 530 4003 iura
548 3936 638 4023 sequi
657 3934 824 4023 dirumque
842 3934 1018 4024 relinquere
1039 3935 1176 4017 bellum;

222 4076 261 4141 45
266 4076 283 4140 5
354 4054 402 4120 Ex
420 4051 534 4141 quibus
552 4050 642 4119 electi
661 4073 807 4140 proceres
827 4051 1021 4117 comitantur
1041 4071 1183 4118 euntem.

274 4282 331 4330 43²·
346 4268 448 4329 quidem]
464 4269 520 4316 Cod.
535 4269 573 4328 qd'
604 4282 661 4325 44²-
677 4236 813 4328 commutat]
825 4269 883 4317 Cod.
892 4268 986 4315 comitet
1013 4270 1070 4326 446.
1082 4270 1138 4317 Cod.
1148 4269 1272 4316 flamauerit
1308 4284 1416 4330 447.nu

222 4350 294 4408 tante]
309 4348 366 4394 Cod.
380 4356 481 4393 mutante
534 4362 566 4407 45
571 4362 593 4406 5.
608 4349 665 4395 Coa.
679 4349 753 4395 ellecti

222 4568 282 4631 428.
294 4565 385 4618 Vsstto.
398 4564 462 4617 Aen.
475 4562 523 4628 Vl,
537 4561 580 4619 86.
834 4580 894 4633 447·
908 4564 1018 4619 Luem.
1034 4566 1121 4619 Plturs.
1135 4565 1183 4631 IV,
1200 4575 1259 4635 393¹.

222 4666 281 4719 432.
295 4647 339 4704 Cf.
351 4647 442 4701 Vrao.
457 4649 521 4702 Aen.
535 4648 570 4713 V,
582 4647 643 4717 465.
833 4666 893 4719 452.
908 4648 950 4704 Cf.
964 4650 1053 4703 Varo.
1067 4652 1130 4705 Aen.
1142 4649 1190 4716 VI,
1206 4652 1262 4719 384.

222 4750 282 4803 441.
295 4731 339 4790 ef.
352 4734 442 4787 vaae.
455 4735 518 4789 Aen.
531 4735 578 4801 lx,
596 4733 652 4801 164.
834 4736 893 4805 283.
907 4732 949 4789 Cf.
963 4735 1053 4789 Vetto.
1067 4736 1130 4790 Aen.
1146 4733 1181 4801 11,
1199 4750 1256 4804 170.
