3300 5796
922 557 1176 615 ANONIMO

595 807 744 873 «Excute
763 804 858 874 corde
877 824 1002 875 metum
1020 806 1166 896 uiresque
1185 829 1313 875 resume
1331 808 1476 896 priores,
1580 829 1646 896 270

597 922 731 1010 «Cinge
750 921 844 990 nouis
863 922 975 990 urbem
994 923 1093 990 muris
1111 940 1145 990 et
1163 923 1269 991 menia
1289 921 1416 991 conde!

593 1066 608 1103 ι(
623 1040 710 1108 Nam
728 1038 896 1128 prohibere
915 1040 1025 1129 nequit
1043 1062 1084 1107 ne
1103 1037 1223 1107 condas
1242 1038 1351 1107 menia
1368 1041 1564 1130 quisquam.

593 1156 747 1223 «Ductor
765 1153 854 1223 abest
868 1177 974 1237 senus,
995 1155 1084 1224 cuius
1103 1173 1178 1222 sunt
1196 1152 1298 1222 diruta
1315 1155 1419 1237 iussu,

595 1271 693 1339 «Nec
708 1269 793 1338 ualet
811 1269 940 1338 ulterius
958 1288 1008 1338 tot
1024 1270 1058 1337 in
1077 1291 1180 1338 unum
1199 1291 1315 1358 cogere
1333 1288 1471 1358 gentes3

597 1413 612 1449 ι(
626 1385 720 1467 Quot
737 1388 822 1476 prius
842 1387 991 1470 accelera,
1010 1409 1086 1454 nam
1105 1404 1137 1454 te
1156 1387 1298 1455 Fortuna
1315 1384 1462 1455 iuuabit!
1480 1411 1498 1449 u
1576 1406 1639 1473 271

592 1501 645 1570 Sic
664 1503 734 1568 Dea
752 1501 853 1569 fallaci
872 1503 1005 1570 miseros
1025 1501 1150 1570 Cocitia
1168 1500 1259 1569 uultu

590 1617 744 1686 Sollicitat
763 1620 847 1686 ciues
867 1619 1044 1707 animisque
1064 1616 1233 1685 audacibus
1252 1614 1375 1705 implet.

590 1734 739 1810 Protinus
759 1757 838 1823 ergo
857 1735 951 1802 nouis
970 1734 1167 1801 circumdant
1181 1731 1328 1801 menibus
1348 1730 1476 1814 urbem,

588 1849 821 1938 Precipitesque
840 1867 954 1916 canant
972 1849 1085 1931 fossas,
1103 1871 1182 1937 quas
1202 1866 1274 1915 ante
1293 1845 1467 1935 replerant,

591 1966 768 2055 lnuictique
787 1964 886 2047 ducis,
904 1964 1023 2032 uiolata
1040 1986 1128 2055 pace,
1147 1962 1300 2032 rebellant
1571 1984 1650 2050 271

591 2083 742 2172 Imperi0,
761 2104 903 2170 seuoque
922 2098 1042 2170 negant
1060 2104 1168 2170 parere
1186 2082 1323 2160 tiranno,

592 2199 730 2268 Necnon
750 2197 895 2267 uelocem
915 2196 1056 2286 legatum
1076 2196 1296 2265 Mediolanum

592 2316 642 2381 Ire
657 2313 777 2394 iubent,
797 2314 920 2382 socium
936 2314 990 2402 qui
1005 2296 1110 2380 federe
1128 2310 1234 2379 firmet
1253 2333 1412 2392 amorem,

593 2430 633 2495 Et
651 2445 737 2517 petat
755 2427 907 2496 auxilium
926 2427 1020 2496 simul
1040 2446 1072 2495 et
1089 2427 1253 2516 promittat
1272 2424 1424 2492 amicum.

593 2542 649 2609 Illa
669 2560 787 2623 autem,
805 2544 873 2611 uoti
892 2565 1026 2632 compos
1046 2544 1110 2609 iam
1127 2559 1215 2630 parte
1234 2538 1372 2621 nefandi,
1569 2561 1650 2629 272

593 2656 747 2725 Fulminis
766 2658 797 2723 in
818 2680 943 2725 morem
962 2657 1066 2726 subito
1085 2681 1120 2724 se
1137 2657 1219 2725 tollit
1237 2659 1271 2724 in
1290 2677 1392 2737 auras,
1500 2669 1503 2672 ’

591 2771 831 2861 Aduehiturque
851 2773 1013 2855 Cremam,
1033 2771 1112 2842 dum
1129 2772 1179 2840 sol
1198 2796 1232 2840 se
1251 2769 1360 2839 condit
1377 2772 1411 2838 in
1430 2769 1546 2839 undas.

593 2888 674 2954 Mox
693 2905 798 2955 totum
817 2889 909 2956 castri
927 2889 1064 2977 spatium
1083 2886 1251 2956 furibunda
1269 2905 1407 2976 pererrat

594 3004 633 3070 Et
652 3003 705 3070 tali
723 3003 876 3092 populum
897 3022 991 3071 terret
1009 3027 1158 3072 sermone
1178 3003 1405 3070 Cremensem:

552 3152 555 3158 ·
598 3117 793 3206 «Euigilate,
813 3120 890 3201 uiri,
910 3142 977 3186 non
997 3139 1072 3187 sunt
1090 3119 1149 3186 hec
1167 3136 1234 3186 tuta
1252 3118 1365 3207 quietis
1565 3137 1638 3206 272

598 3234 802 3323 «Tempora,
819 3233 937 3302 bellum
955 3235 1059 3318 instat,
1079 3256 1138 3302 nec
1157 3233 1234 3302 false
1253 3231 1369 3302 credite
1384 3231 1464 3321 paci.

598 3374 614 3411 «
627 3348 730 3416 Seuus
750 3350 848 3431 enirn,
866 3367 959 3437 rupto
979 3367 1089 3416 contra
1108 3351 1156 3416 ius
1174 3347 1291 3428 federe,
1309 3346 1433 3428 ductor,

599 3490 615 3526 «
629 3463 788 3553 lmpulsus
808 3464 923 3532 crebris
941 3463 1084 3553 precibus
1103 3462 1259 3552 donisque
1279 3464 1454 3543 Cremone,

599 3577 793 3667 «Disposuit
812 3578 915 3646 delere
934 3579 1095 3647 Cremam.
1142 3579 1206 3644 iam
1226 3597 1324 3646 castra
1343 3577 1450 3644 uidere

599 3694 727 3781 «Regia
745 3717 801 3783 per
819 3717 968 3784 campum
988 3694 1099 3762 uideor
1118 3694 1279 3782 cingentia
1297 3716 1417 3761 muros.
1564 3713 1608 3780 27
1613 3715 1650 3780 ι

598 3810 695 3876 «Vos
714 3810 809 3897 igitur
827 3806 923 3878 fortes
943 3811 1068 3878 animos
1088 3827 1182 3900 atque
1202 3833 1289 3877 arma
1307 3828 1422 3899 parate,

599 3949 614 3986 a
628 3924 668 3990 Et
686 3925 801 3992 uirtute
820 3924 936 3992 domos
952 3925 1044 3993 solita
1063 3923 1222 3994 defendite
1241 3943 1372 3993 uestras.

599 4064 614 4101 a
629 4040 711 4120 Este,
730 4062 851 4127 precor,
872 4062 1043 4123 memores,
1062 4039 1149 4129 quod
1164 4063 1221 4108 rex
1241 4039 1300 4107 hec
1318 4040 1425 4106 menia
1443 4037 1533 4106 fortis

598 4180 614 4217 «
626 4154 773 4222 Lutarius
792 4155 955 4243 quondam
975 4154 1058 4223 bello
1073 4156 1257 4244 temptauit;
1278 4173 1309 4223 at
1326 4154 1429 4237 illum,

597 4270 731 4337 «Dante
747 4269 820 4352 deo,
839 4270 951 4359 repulit
969 4271 1073 4358 gentis
1092 4294 1206 4338 manus
1225 4269 1331 4337 inclita
1349 4289 1463 4337 uestre.
1563 4289 1607 4356 27
1611 4292 1628 4357 3
1644 4304 1650 4322 «

499 4434 562 4490 2705.
578 4433 632 4479 Cod.
648 4435 721 4479 Exute
775 4447 845 4492 2707.
861 4435 916 4480 Cod.
931 4436 1013 4480 condat
1068 4436 1138 4494 2708.
1154 4435 1210 4482 Cod.
1224 4435 1289 4481 dirim
1344 4435 1577 4493 27tt.³Cod.cotiria

459 4598 536 4651 2705.
552 4583 660 4637 Lucan.
677 4584 764 4638 I’Irars.
779 4584 825 4649 IV,
841 4582 900 4650 604.
1066 4599 1143 4653 2722.
1159 4583 1248 4638 vno.
1266 4584 1356 4653 Georg.
1372 4584 1392 4648 I,
1406 4584 1466 4654 438.

459 4680 536 4736 2711.
549 4667 638 4721 Varo.
651 4668 714 4722 Aen.
730 4666 781 4720 VII
806 4682 865 4739 479.
1067 4682 1144 4736 2727.
1157 4666 1265 4722 lucau.
1280 4666 1366 4721 Pharr.
1380 4668 1400 4732 I,
1415 4682 1441 4733 4.

459 4766 536 4822 2719.
550 4751 592 4805 Cf.
605 4751 694 4807 Vane.
707 4754 770 4806 Am.
784 4750 857 4818 VIII,
873 4767 911 4806 to.
1067 4752 1275 4823 2735.«...013m
1291 4751 1434 4805 LotharIus
1497 4767 1553 4804 non
1569 4767 1650 4806 ausu

459 4847 537 4902 2721.
552 4834 641 4887 Vetto.
657 4834 719 4888 Aen.
737 4833 770 4900 ll,
785 4831 846 4905 699.
1103 4834 1216 4924 pluerat
1243 4836 1316 4891 idem
1344 4846 1462 4890 castrum
1486 4835 1611 4890 obsidete
1626 4856 1641 4887 u
