3300 5796
801 530 1054 587 ANONIMO

469 776 580 856 Quam
598 775 709 846 diffusa
728 801 817 846 nouo
835 778 1009 867 repleuerat
1027 777 1113 847 unda
1132 798 1250 846 meatu.

470 891 622 980 Precipue
641 910 749 959 tamen
768 892 903 962 intendit
922 892 1088 961 maledicta
1108 896 1274 983 minasque
1444 917 1533 984 2375

467 1008 624 1075 Finitimis
645 1009 801 1096 Ligurum
818 1009 916 1076 turbis
935 1008 1123 1098 populisque
1143 1011 1275 1094 Latinis,

469 1123 535 1203 Qui
556 1126 659 1212 magis
676 1123 827 1192 insultant
846 1124 953 1192 clauso
973 1124 1139 1214 uerbisque
1157 1124 1326 1194 lacessunt.

467 1241 558 1307 Stant
576 1239 689 1328 pauide
707 1239 740 1305 iii
759 1240 893 1327 speculis
911 1259 1039 1323 matres,
1056 1242 1145 1329 pueri
1164 1259 1258 1330 atque
1277 1240 1395 1329 puelle,

467 1354 718 1443 Puluereamque
736 1354 836 1422 oculis
855 1354 976 1423 nubem
995 1374 1178 1445 turmasque
1196 1376 1348 1426 secuntur

467 1471 576 1538 Meuia
593 1470 771 1551 lustrantes
791 1488 822 1539 et
842 1471 925 1539 uotis
945 1472 1079 1539 numina
1098 1492 1236 1561 poscunt
1441 1494 1461 1541 2
1467 1474 1536 1559 380

466 1585 640 1653 Auxilium.
675 1603 793 1652 terrent
810 1584 953 1654 imbelles
972 1610 1067 1654 sexus
1086 1604 1118 1653 et
1137 1605 1215 1654 etas.

468 1698 624 1767 Incedunt
642 1701 757 1788 pariter
774 1698 933 1789 fulgentes
951 1725 1002 1768 ere
1022 1720 1148 1769 caterue

467 1818 571 1904 Atque
591 1814 711 1884 ducum
729 1817 830 1898 cunei,
850 1839 931 1906 quos
950 1818 1032 1885 inter
1051 1816 1165 1886 ductor
1183 1815 1341 1885 amandus

466 1930 592 1998 Auratis
610 1930 716 1999 rutilat
733 1931 831 2020 longe
851 1950 1040 2020 conspectus
1059 1933 1092 2000 iii
1111 1933 1211 1999 armis

466 2046 512 2113 Ut
529 2069 640 2114 roseus
659 2045 743 2113 claro
762 2071 836 2115 curn
855 2049 956 2135 surgit
974 2046 1099 2115 Lucifer
1118 2066 1201 2116 ortu.
1441 2051 1531 2135 2385

467 2160 563 2230 Haud
581 2161 692 2251 procul
711 2185 729 2227 a
747 2160 832 2230 uallo
851 2162 956 2229 fornix
974 2161 1118 2231 sublimis
1136 2162 1171 2229 in
1189 2183 1278 2251 agro,

467 2277 656 2344 Marmoreis
676 2277 758 2344 miro
778 2296 977 2346 constructus
996 2277 1158 2346 schemate
1178 2277 1271 2359 saxis,

467 2392 589 2460 Contra
608 2394 791 2463 Romanam
808 2392 910 2461 stabat
929 2417 986 2461 ceu
1007 2393 1154 2461 machina
1174 2412 1310 2482 portam,

468 2508 580 2588 Quem
599 2509 748 2577 struxisse
769 2508 870 2592 datur,
890 2509 976 2576 uicto
995 2507 1054 2575 sibi
1073 2507 1272 2592 Mediolano,

466 2624 555 2691 Gens
574 2622 738 2713 quondam
757 2625 904 2694 Romana
922 2623 1035 2692 uolens
1053 2646 1109 2712 per
1126 2623 1233 2692 secula
1250 2623 1370 2691 famam
1441 2645 1460 2692 2
1465 2646 1532 2712 390

467 2739 541 2806 Hoc
557 2739 652 2828 siguo
671 2738 782 2808 durare
801 2740 850 2807 sui
870 2763 944 2807 curu
962 2737 1054 2807 laude
1074 2739 1237 2829 triumphi.

467 2854 563 2921 Hunc
582 2853 681 2921 inodo
701 2853 811 2935 ciuilis,
830 2874 976 2923 metuens
995 2878 1035 2921 ne
1054 2853 1170 2922 forcior
1190 2855 1290 2922 hostis

469 2966 627 3058 Occupet,
647 2969 765 3037 electos
783 2971 938 3037 iuuenum
957 2970 1172 3038 conscendere
1191 2969 1304 3038 consul

469 3084 605 3151 Iusserat
625 3103 656 3151 et
674 3103 793 3153 stantes
812 3084 894 3152 celsa
912 3085 1000 3153 uelut
1019 3108 1089 3152 arce
1108 3084 1200 3151 tueri.

469 3200 543 3266 Huc
561 3199 658 3288 igitur
676 3199 806 3269 tandem
824 3200 952 3268 lustrata
972 3202 1127 3267 exercitus
1146 3199 1222 3267 urbe
1440 3219 1457 3265 2
1465 3221 1528 3287 395

466 3313 593 3403 Regalis
613 3317 746 3383 ueniens
765 3334 797 3382 et
815 3312 944 3383 fornicis
963 3315 1060 3383 ardua
1082 3336 1216 3381 cernens

465 3428 612 3497 Audaces
631 3432 750 3518 cepisse
770 3432 868 3513 uiros,
886 3450 974 3520 parat
992 3430 1075 3498 illico
1094 3430 1230 3498 summis

466 3544 594 3612 Viribus
613 3568 796 3634 expugnare
815 3545 923 3613 locum
942 3524 1139 3635 temptatque
1160 3542 1316 3633 superbos
1355 3611 1359 3619 ,

465 3660 606 3729 Vocibus
626 3680 657 3729 et
676 3661 780 3728 missis
798 3662 931 3729 iuuenes
950 3680 1067 3729 terrere
1085 3662 1217 3748 sagittis.

385 3872 452 3930 2387.
468 3869 524 3916 cod.
538 3877 638 3914 scemate
692 3880 764 3929 2394.
780 3869 835 3915 Cod.
850 3869 917 3914 uelud

332 4047 409 4116 2378.
422 4046 512 4101 Vino.
527 4047 593 4100 Aen.
607 4045 680 4114 VIII,
698 4061 785 4117 592-3.
980 4065 995 4095 α
1006 4045 1094 4099 Arcus
1108 4043 1258 4109 Romanus,
1268 4043 1399 4114 quoniam
1411 4053 1530 4114 quatuor

332 4132 409 4199 2380.
423 4131 513 4187 Vtro.
526 4131 589 4184 Aen.
603 4128 677 4195 VIII,
692 4145 749 4197 512.
981 4151 995 4181 (ι
1006 4146 1084 4183 arcus
1094 4128 1204 4183 iuferius
1214 4128 1341 4193 habebat,
1351 4140 1377 4181 et
1391 4127 1530 4182 dicebatur

333 4216 410 4286 2382.
426 4217 515 4271 Veno.
528 4217 590 4271 Aen.
604 4215 678 4282 VIII,
696 4231 753 4288 593.
981 4235 995 4264 α
1006 4215 1078 4285 quod
1098 4213 1225 4279 Romani,
1246 4213 1293 4285 qui
1318 4212 1529 4283 subiugaverunt

333 4302 445 4371 2384-5.
458 4301 550 4355 Vens.
564 4301 626 4354 Aen.
640 4299 713 4365 Vlll,
730 4300 830 4371 58990.
982 4318 995 4347 «
1007 4297 1203 4362 Mediolanum,
1230 4299 1257 4351 In
1281 4297 1392 4367 signum
1416 4297 1529 4349 victorie

332 4383 409 4451 2386.
419 4385 511 4456 jornir
529 4381 653 4451 sublimis]
673 4382 724 4436 Nel
745 4383 801 4436 Lib.
818 4385 879 4436 trist.
894 4391 916 4437 et
980 4400 1067 4437 «eam
1086 4381 1334 4437 hedificaverunt».
1364 4379 1407 4435 ci.
1436 4380 1528 4434 Risis-

367 4468 416 4522 dot.
431 4471 489 4521 cosi
501 4470 515 4520 ὲ
525 4467 666 4520 descritta:
683 4467 787 4520 «turris
799 4466 915 4537 quedam
979 4484 1048 4523 witti
1066 4468 1140 4523 Gesta
1159 4467 1230 4522 Frid.
1250 4467 1296 4531 ΙΙΙ,
1315 4467 1393 4537 §433
1414 4465 1451 4521 Ο.
1469 4466 1531 4519 Μο-

369 4552 508 4624 «lapidea,
524 4550 639 4604 mirabili
659 4551 743 4603 modo
763 4562 916 4604 constructa
980 4568 1053 4606 neni
1069 4552 1169 4606 Dmb.
1180 4549 1261 4605 Laud.
1277 4548 1344 4618 6053
1360 4549 1529 4603 Boreontinoi

369 4656 384 4687 ir
395 4648 450 4690 erat
461 4638 488 4689 in
500 4635 545 4688 via
554 4653 607 4706 que
620 4635 692 4688 vadit
703 4634 916 4705 Melegnianum‚
980 4651 1005 4692 et
1016 4638 1168 4692 Cuouniiili
1181 4636 1265 4690 Uisa.
1279 4636 1373 4690 Chron.
1387 4650 1435 4706 ²73
1445 4633 1529 4690 Vme.

369 4733 456 4775 «ante
475 4734 581 4792 portani
599 4720 754 4774 Romanam
774 4721 846 4774 inita
869 4720 917 4774 do
979 4723 1066 4776 Pitiio.
1083 4721 1178 4776 Annei.
1194 4717 1279 4790 673⁴7.

370 4828 384 4857 i
395 4823 471 4861 mum
490 4805 668 4871 Infirmorum,
692 4823 744 4878 qne
769 4806 917 4861 vocabatur
944 4805 1021 4876 2387.
1035 4802 1079 4861 ei.
1091 4805 1181 4859 Vino.
1194 4806 1258 4859 Aen.
1270 4802 1344 4870 viii,
1359 4817 1417 4874 597,
1435 4817 1493 4873 599.
