3300 5796
763 540 1016 598 ANONIMO

431 786 582 873 Agmina,
599 808 662 875 que
680 785 804 855 fuerant
822 789 905 875 agris
924 789 1054 857 collecta
1072 794 1258 883 propinquis
1397 818 1479 884 2050

431 900 571 968 Plurima
588 925 713 992 queque
731 905 827 971 etiam
847 905 958 973 consul
974 908 1189 977 transmiserat
1208 909 1303 994 urbis,

431 1019 475 1085 Ut
494 1016 603 1105 procul
622 1037 763 1086 arcerent
781 1018 890 1087 hostes
909 1021 1072 1111 ripamque
1092 1041 1248 1107 tenerent,

429 1134 492 1216 Ne,
511 1134 537 1201 si
556 1131 638 1202 forte
656 1134 765 1217 uelint,
784 1135 910 1204 ualeant
930 1139 1140 1207 transmittere
1159 1165 1323 1228 gressum;

432 1249 542 1316 Cernit
560 1268 592 1317 et
609 1249 790 1317 inmensam
808 1251 874 1339 ripe
890 1274 984 1340 super
999 1253 1095 1323 ardua
1112 1255 1255 1343 predam,

430 1363 571 1431 Plaustra
590 1382 719 1432 onerata
737 1364 837 1432 boues
856 1366 1003 1434 animalia
1021 1369 1120 1437 multa
1139 1372 1299 1459 uirosque,

431 1479 501 1547 Hec
519 1503 629 1546 secum
650 1478 689 1547 ad
708 1480 815 1547 Trecii
834 1500 971 1550 castrum
991 1482 1117 1552 ductare
1135 1507 1290 1574 parantes.

431 1596 485 1662 Est
504 1594 602 1677 locus,
623 1593 753 1683 obliquo
773 1617 870 1684 quem
890 1598 998 1666 circuit
1016 1598 1108 1668 Adua
1127 1622 1231 1683 cursu,

431 1711 564 1798 Longus
583 1711 616 1778 in
635 1729 807 1799 angustum
826 1730 936 1780 natura
952 1712 1064 1782 ductus
1084 1715 1123 1782 ab
1143 1718 1223 1804 ipsa;

430 1825 572 1893 Partibus
591 1826 642 1894 hic
661 1827 798 1915 geminis
817 1827 963 1896 subiectis
982 1830 1140 1917 preminet
1155 1832 1258 1914 undis,

431 1941 540 2010 Editus
560 1942 593 2008 in
611 1942 749 2031 scopulis
767 1942 865 2012 fluctu
884 1943 1015 2012 feriente
1033 1947 1151 2028 recisis,

431 2060 548 2127 Fronte
567 2078 674 2128 autem
694 2082 808 2149 campo
827 2061 928 2150 prima
951 2063 1030 2128 iacet
1049 2085 1148 2151 equus
1165 2085 1284 2152 aperto,

430 2175 554 2256 Quarta
572 2175 659 2244 uelut
678 2197 771 2265 rupes
789 2199 860 2265 pars
884 2177 976 2244 altior
994 2178 1114 2246 eminet
1133 2181 1224 2267 agris.

430 2291 503 2357 Hoc
522 2289 651 2358 fundata
669 2289 742 2357 loco
762 2293 852 2358 castri
871 2311 945 2359 sunt
964 2294 1082 2376 menia,
1100 2295 1264 2383 quondam

428 2406 572 2474 Nomine
590 2406 677 2495 quod
697 2425 819 2474 ueteres
838 2407 991 2475 Trecium
1011 2408 1117 2476 dixere
1137 2410 1252 2477 coloni.

430 2522 503 2589 Huc
521 2518 598 2589 dum
618 2520 739 2609 regales
758 2541 896 2590 narraret
915 2523 1000 2590 fama
1019 2524 1166 2592 cohortes

429 2637 635 2726 Appropiare,
656 2637 720 2705 coit
739 2655 885 2705 metuens
905 2638 1019 2707 uicinia
1037 2657 1104 2706 tota

428 2751 533 2834 Plebs,
552 2754 736 2842 uariosque
755 2753 855 2821 multa
874 2753 962 2821 locos
981 2754 1055 2822 hinc
1074 2755 1148 2824 inde
1168 2756 1300 2838 colebat,

429 2870 468 2935 Et
486 2887 608 2958 reparat
626 2891 736 2937 muros
756 2893 792 2937 ac
811 2870 1049 2960 propugnacula
1066 2870 1173 2940 firmat

429 2985 468 3051 Et
486 2985 600 3072 pariter
618 2984 730 3072 triplici
750 2985 923 3053 circumdat
941 2987 1046 3054 menia
1066 2986 1161 3068 uall0,

428 3101 473 3168 Vt
491 3119 585 3189 queat
604 3100 665 3183 hic,
686 3123 760 3168 curn
780 3120 906 3189 tempus
925 3103 993 3184 erit,
1010 3124 1067 3169 sua
1084 3125 1181 3192 seque
1200 3105 1289 3186 tueri,

430 3216 566 3304 Sperans
584 3217 705 3284 inuicto
724 3217 769 3284 sic
786 3239 881 3304 posse
900 3218 1043 3284 resistere
1060 3218 1140 3305 regi.

430 3330 499 3397 Hac
518 3331 639 3399 inhibet
657 3331 777 3400 confisa
794 3331 906 3422 fugam
922 3356 977 3422 spe
995 3334 1086 3401 turba
1104 3333 1226 3401 rebellis

428 3448 468 3514 Et
486 3469 595 3514 secura
614 3467 723 3516 manet
740 3447 934 3536 fugientibus
955 3449 1096 3538 undique
1115 3448 1231 3517 multis.

427 3563 524 3631 Nunc
543 3564 639 3652 igitur
656 3563 775 3632 radiare
795 3564 907 3632 uidens
926 3567 989 3631 iam
1008 3567 1093 3653 regia
1113 3567 1213 3653 signa,

428 3676 577 3745 Collectis
597 3679 689 3747 rebus
708 3681 842 3768 propriis
861 3679 1018 3769 armisque
1038 3681 1179 3768 receptis,

429 3774 592 3863 Conuenit
611 3797 642 3862 in
662 3797 738 3883 ripa,
758 3818 854 3883 quam
873 3819 928 3862 rex
947 3797 1078 3862 transire
1097 3794 1238 3883 parabat,

427 3910 539 3977 Tutari
560 3912 690 3999 cupiens
708 3911 842 3999 patriam
862 3912 930 3999 ipso
950 3912 980 3976 in
1001 3910 1110 3977 limine
1130 3930 1255 3976 terram.

428 4024 518 4106 Quin
538 4028 633 4094 etiam
652 4044 785 4114 pontem
803 4026 926 4109 retinet,
946 4048 1042 4114 quern
1064 4024 1172 4091 tollere
1187 4024 1298 4091 consul
1323 4066 1326 4073 ·

348 4205 417 4251 2050.
429 4193 484 4240 Cod.
499 4193 583 4238 colecta
637 4194 703 4239 2062.
718 4192 775 4239 Cod.
789 4192 857 4238 uelud
911 4193 980 4238 2066.
995 4191 1050 4237 Cod.
1066 4192 1208 4250 nproppiare

294 4345 370 4399 2049.
378 4329 416 4383 Su
427 4342 523 4400 questo
534 4344 644 4385 scontro
652 4329 875 4384 all'llddaesulla
904 4344 950 4396 205
959 4345 979 4397 3.
997 4327 1040 4384 Cf.
1053 4328 1142 4381 Varro.
1156 4330 1218 4382 Ant.
1234 4327 1281 4392 Vl,
1299 4344 1356 4396 313.

328 4416 481 4471 successiva
488 4415 733 4486 presadelcastello
741 4415 877 4469 diTrezzo
906 4413 980 4468 2061.
996 4412 1039 4468 Cf.
1052 4413 1142 4467 Vauo.
1159 4413 1249 4483 Georg.
1263 4412 1299 4479 ll,
1314 4413 1373 4466 280.

329 4499 362 4555 cf.
379 4501 459 4555 Vruc.
476 4502 562 4556 Puto.
579 4501 672 4555 Annal.
686 4499 805 4570 669-70;
821 4501 875 4555 ΙΙΙ-
904 4499 1220 4573 2069.vmo.Aen.V1,
1235 4514 1292 4568 549.

328 4600 433 4639 uewnu
462 4585 535 4640 Gesta
554 4584 624 4639 Frid.
645 4585 690 4653 111,
715 4586 746 4656 ὃς
768 4601 808 4653 31,
829 4600 875 4655 3²3
904 4586 980 4655 2078.
996 4592 1095 4656 pontem
1116 4583 1424 4653 retinet]V1uc.Pnnc.
1449 4583 1487 4636 al-

329 4670 387 4725 Lib.
405 4672 467 4724 trist.
487 4679 509 4724 cl
527 4670 574 4724 dol.
597 4668 660 4738 3653
686 4670 722 4725 Ο.
742 4671 875 4734 Moneun,
938 4669 1088 4723 l'incontro
1098 4667 1223 4722 afferma:
1236 4686 1249 4715 α
1261 4679 1357 4737 pontes
1367 4668 1487 4721 destruc-

329 4754 369 4807 De
392 4755 442 4808 reb.
463 4754 541 4809 Laud.
571 4753 636 4823 6033
662 4754 828 4808 Buucunnnr
850 4767 877 4808 et
939 4767 1007 4808 «tos
1037 4756 1189 4808 invenimus
1202 4772 1231 4818 »;
1260 4754 1419 4806 Rnuawruo
1441 4754 1486 4823 qui

298 4899 300 4902 v
331 4838 483 4893 Cuoununr
500 4839 639 4892 Uesaeuo.
654 4838 805 4907 Chronay.
939 4840 1046 4893 sembra
1060 4839 1231 4893 contradirsi:
1249 4839 1410 4907 «ruptisque
1422 4851 1488 4906 pon-
