3300 5796
458 454 583 511 GESTA
610 456 649 511 DI
677 456 864 512 FEDERICO
894 457 914 510 1.

221 706 255 773 Si
274 704 368 773 fuerit
390 703 555 792 producta,
573 704 688 773 timent
705 706 867 794 patrieque
885 706 1021 795 sibique,

223 821 279 888 Set
298 838 461 908 nequeunt
480 842 585 887 arcere
601 819 687 887 illam
705 821 773 887 sine
792 840 897 888 morte
916 844 1058 890 suorum.

221 936 314 1003 Flent
332 934 420 1003 uelut
439 936 597 1003 extinctos
615 958 696 1024 quos
716 955 848 1004 cernunt
866 959 956 1004 more
974 937 1103 1005 sinistro

88 1073 149 1137 301
156 1073 173 1138 ς
222 1052 393 1139 Expositos
409 1052 517 1132 morti,
536 1050 691 1132 dubitant,
711 1051 854 1141 ictusque
872 1052 1049 1120 remittunt.

221 1168 346 1234 Instant
363 1185 501 1234 rectores
521 1165 674 1254 dictisque
693 1166 858 1235 hortantur
877 1168 1001 1249 amaris,

221 1283 349 1350 Mittere
368 1305 409 1348 ne
428 1299 553 1349 cessent
571 1281 690 1369 lapides
709 1304 744 1348 ac
763 1281 825 1348 tela
843 1305 903 1349 nec
924 1282 1050 1349 hostem

221 1399 416 1487 Appropiare
435 1398 557 1464 sinant:
578 1397 691 1465 melius
709 1395 777 1464 fore
797 1396 926 1486 perdere
944 1420 1074 1487 paucos,

222 1513 332 1594 Quam
351 1514 453 1581 sinere
470 1514 567 1581 euerti
584 1530 651 1580 tota
670 1535 743 1580 cum
763 1531 858 1599 gente
877 1531 1037 1601 paternos,

223 1631 336 1696 Donec
355 1651 410 1696 eos
429 1647 563 1717 possunt
580 1627 663 1694 bello
683 1626 865 1709 defendere,
883 1650 1002 1697 muros.

223 1745 283 1810 His
302 1742 480 1810 confirmati
499 1743 640 1824 monitis,
660 1760 787 1830 torpore
806 1742 943 1831 repuls0,

223 1857 310 1925 Cum
328 1859 450 1945 gemitu
470 1876 631 1924 tormenta
650 1875 784 1925 mouent
802 1856 980 1945 feriuntque
999 1880 1130 1924 suorum

222 1972 367 2061 Corpora
384 1971 540 2061 lugentes,
560 1970 744 2060 molemque
763 1991 903 2039 auertere
922 1990 1053 2039 certant

222 2090 280 2155 His
300 2107 402 2177 caput,
422 2088 470 2155 his
489 2107 598 2177 pectus
619 2086 845 2176 confringitur:
866 2111 939 2155 ossa
957 2087 1086 2155 cerebro

223 2205 398 2270 Miscentur
416 2220 538 2284 tenero,
559 2220 668 2270 uenter
685 2224 816 2291 qnoque
835 2225 923 2270 crura
942 2200 1101 2291 pedesque

222 2319 390 2408 Accipiunt
409 2319 499 2400 ictus,
519 2319 589 2386 uisu
608 2341 658 2384 res
677 2317 826 2385 horrida!
846 2340 950 2385 seuos.

222 2435 303 2501 Tale
322 2432 397 2522 quid
416 2435 582 2523 aspiciens,
600 2432 712 2501 ductor
730 2434 795 2500 iam
814 2451 921 2500 mente
940 2455 1070 2500 serenus

222 2549 391 2637 Expositos
409 2548 476 2615 fato
495 2546 625 2615 tandem
645 2548 809 2615 miseratur
827 2548 949 2635 iniquo,

224 2666 263 2731 Et
283 2662 369 2731 iubet
388 2662 501 2731 abduci
520 2664 642 2730 molem
662 2663 857 2752 miserosque
876 2661 993 2729 resolui

224 2780 367 2867 Seroque
386 2777 554 2845 consilium
573 2776 731 2866 reprobat,
748 2775 834 2866 quod
854 2777 936 2866 cepit
954 2777 987 2842 in
1007 2777 1062 2843 ira.

222 2894 365 2961 Postulat
384 2895 550 2975 extinctos,
570 2893 701 2981 cupiens
720 2892 793 2959 dare
813 2891 958 2958 membra
975 2889 1155 2979 sepulchro,

223 3011 311 3079 Gens
330 3010 459 3078 obsessa
478 3033 563 3078 suos.
606 3009 705 3077 donat
723 3033 779 3077 rex
798 3009 942 3097 protinus
961 3007 1031 3074 illos

224 3128 264 3193 Et
282 3126 387 3213 posito
406 3126 513 3214 paucis
531 3125 699 3215 requiescit
718 3143 817 3192 marte
837 3123 958 3191 diebus.

224 3242 371 3330 Denique
390 3242 545 3331 supremis
565 3240 704 3328 disponit
724 3239 843 3308 uiribus
862 3239 971 3307 hostes

225 3358 417 3444 Expugnare
435 3355 520 3424 feros
538 3354 682 3445 duroque
702 3356 848 3424 euincere
867 3353 959 3422 bello.
1017 3405 1020 3415 .

224 3473 363 3560 Imperat
381 3494 459 3560 ergo
478 3473 553 3553 suis,
572 3490 641 3538 acta
658 3469 828 3552 testudine,
848 3468 949 3536 fossas

224 3586 360 3676 Implere
378 3606 414 3656 ut
432 3586 558 3654 ualeant
576 3585 729 3675 prefatam
748 3583 787 3652 ad
807 3585 913 3653 menia
932 3583 1052 3651 molem

224 3706 349 3773 Ducere
369 3722 400 3771 et
419 3704 549 3771 hostiles
568 3705 600 3771 ui
619 3725 745 3771 summa
764 3701 936 3790 irrumpere
955 3722 1075 3766 muros.

181 3835 185 3843 '
224 3818 391 3887 Accedunt
409 3819 501 3886 iussis
519 3841 664 3908 proceres
683 3816 883 3905 subeuntque
901 3813 1056 3883 laborem.

145 4036 208 4083 3018.
223 4037 278 4084 cod.
294 4035 421 4095 Apropiare

94 4242 170 4297 3020.
182 4226 272 4281 ano.
284 4227 349 4281 Aen.
362 4225 410 4290 IX,
426 4241 485 4292 511.
737 4223 879 4289 «Blatore,
898 4222 1079 4276 Presbiterum
1098 4219 1132 4272 de
1151 4216 1281 4282 Carusco,

94 4310 168 4381 3026.
186 4310 283 4364 «Tota
299 4326 365 4381 ergo
381 4321 461 4364 nocte
476 4309 606 4380 honagris
620 4311 676 4363 suis
737 4306 895 4360 «Turicum
913 4305 946 4359 de
966 4303 1079 4368 Bonate,
1098 4302 1231 4355 Auricum
1248 4299 1282 4352 de

128 4397 343 4451 elaboraverunt
358 4407 384 4450 et
399 4395 557 4450 occiderunt
571 4411 604 4448 ex
623 4393 676 4448 illis
736 4390 929 4455 «Landrian03
948 4399 975 4443 et
993 4389 1036 4442 isti
1054 4386 1204 4440 marturiati
1221 4394 1284 4437 sunt

129 4499 144 4530 e
153 4481 199 4551 qui
214 4489 290 4532 erant
305 4480 332 4532 in
346 4479 420 4543 turri,
438 4488 552 4547 septem,
567 4477 618 4530 hos
637 4479 676 4530 vi·
737 4497 750 4526 u
762 4492 793 4528 ea
807 4485 902 4540 morte,
912 4490 965 4545 qua
978 4472 1097 4543 aliquem
1110 4471 1211 4541 perisse
1220 4484 1282 4522 nus

129 4582 144 4613 e
153 4562 262 4617 delicet:
279 4558 488 4630 Capredemalio
501 4560 535 4614 de
549 4558 676 4626 Pustella,
737 4574 843 4630 equam
855 4557 1004 4628 legimus».
1015 4555 1080 4608 Cosl
1091 4553 1176 4607 ilLib.
1187 4553 1250 4606 trist.
1260 4558 1284 4605 at

128 4669 142 4698 α
153 4649 288 4703 Paierium
297 4645 634 4716 deLanpugniano,filiurn
642 4647 677 4699 A·
735 4643 782 4697 dol.
795 4641 857 4713 367;
869 4640 901 4696 cf.
912 4640 949 4696 O.
959 4641 1084 4694 Monam
1094 4639 1134 4693 Da
1143 4638 1193 4690 reb.
1202 4634 1282 4690 Laud.

128 4753 143 4783 α
154 4736 207 4786 zoti
214 4731 344 4797 citerani,
353 4729 439 4785 filium
447 4729 518 4785 Bure
529 4730 562 4784 de
573 4729 675 4785 Sancto
733 4727 799 4796 614;
815 4728 963 4782 xxnnwm
980 4725 1056 4781 Gesta
1069 4722 1142 4779 fria
1152 4721 1225 4791 IV,§
1242 4735 1282 4788 57.

219 4838 235 4891 8
