3300 5796
471 444 596 501 GESTA
621 445 661 499 DI
689 445 877 502 FEDERICO
906 447 927 499 1.

236 691 383 782 Corpora
401 691 502 760 multa
519 693 625 761 uirum
642 693 761 782 passim
779 712 972 776 stemuntur,
990 714 1022 762 et
1040 695 1109 763 altis

235 807 434 897 Comipedes
451 807 552 898 plagis
568 826 703 897 pereunt
718 831 775 897 per
794 808 938 876 membra
955 811 1098 898 receptis.

233 925 314 992 Non
331 946 395 1012 ego
413 925 593 1012 temptarim
611 943 744 992 cunctos
762 947 818 1013 per
836 925 961 1014 singula
979 949 1069 995 casus

234 1038 389 1121 Scribere,
406 1062 466 1106 nec
484 1037 627 1106 lacrimas
647 1059 678 1107 et
696 1039 807 1108 funera
824 1062 953 1131 quoque
970 1040 1097 1124 referre,

233 1155 324 1222 Nam
340 1151 576 1243 properandum
594 1153 667 1222 alio.
706 1155 812 1243 primo
830 1154 1010 1223 luctaminis
1027 1158 1090 1224 ictu

233 1268 375 1337 Adiuuat
391 1267 545 1337 audacem
564 1269 657 1337 fallax
677 1271 819 1338 Fortuna
837 1272 981 1360 Papiam,

234 1387 276 1453 Et
292 1385 408 1474 premit
425 1385 591 1453 aduersam
609 1385 759 1454 malefido
777 1387 910 1454 numine
927 1406 1060 1475 partem.

237 1499 368 1590 Quippe
386 1499 580 1583 Ticinensis,
599 1500 733 1569 collecto
751 1501 878 1584 robore,
895 1501 995 1592 pubes

234 1617 348 1684 Acrius
365 1616 534 1705 insurgens
552 1616 660 1685 hostes
679 1616 753 1685 dare
771 1637 860 1707 terga
879 1620 985 1707 coegit

234 1734 276 1801 Et
291 1732 404 1822 repulit
421 1754 550 1800 summa
567 1731 723 1822 populum
741 1733 773 1801 ui
791 1732 1022 1802 Mediolanum.

235 1849 316 1915 Mox
334 1867 441 1916 tamen
461 1846 584 1916 auxiliis
603 1849 755 1916 succurrit
771 1847 851 1916 lecta
869 1851 1016 1918 iuuentus

233 1964 275 2030 Et
291 1961 416 2031 rediens
435 1964 576 2030 Fortuna
592 1963 681 2030 iuuat
699 1963 844 2052 uiresque
863 1965 1028 2032 ministrat.

233 2075 384 2167 Vndique
401 2076 464 2146 tela
481 2076 592 2146 uolant
610 2076 756 2146 manibus
775 2080 958 2147 transmissa
976 2082 1117 2150 uirorum

234 2192 353 2262 Crebra
370 2194 453 2262 niuis
470 2192 546 2275 ritu,
563 2217 670 2262 rursus
687 2217 797 2283 pugna
815 2218 923 2284 aspera
941 2197 1050 2284 surgit.

235 2308 297 2376 Hi'c
315 2307 388 2376 belli
408 2309 456 2376 uis
475 2331 594 2398 magna
611 2308 688 2377 fuit:
708 2327 778 2377 tum
796 2308 887 2378 turba
906 2310 1024 2394 Ticini,

234 2423 411 2492 fortunam
429 2425 577 2492 transisse
595 2424 708 2492 uidens
727 2444 759 2493 et
777 2449 899 2494 numen
917 2426 956 2494 ad
975 2427 1094 2510 hostes,

234 2536 340 2620 Cedit,
357 2556 390 2606 et
406 2539 441 2605 in
460 2560 574 2628 campo
595 2558 741 2607 metuens
759 2541 825 2607 iam
843 2560 924 2608 stare
942 2542 1074 2631 patenti,
1128 2586 1131 2591 ·

98 2674 187 2742 1705
235 2653 278 2721 Se
295 2653 405 2743 recipit
423 2672 526 2722 castro
544 2672 594 2722 tot
611 2653 708 2722 turbis
728 2654 812 2724 haud
831 2656 905 2726 satis
924 2675 1009 2744 apto.

233 2769 278 2836 At
293 2767 432 2858 populus
450 2787 588 2837 castrum
607 2770 709 2839 uictor
728 2769 901 2839 circumdat
918 2789 949 2838 et
968 2771 1077 2839 hostes

235 2882 416 2953 Obsidione
433 2908 594 2974 premens,
612 2905 701 2974 parat
719 2908 901 2974 expugnare
919 2885 1068 2954 reclusos.

234 3001 315 3068 Mox
333 3000 516 3069 Vintelmus
534 2999 633 3083 adest,
651 3002 699 3099 uir
715 3001 841 3090 pollens
859 3020 924 3069 arte
941 3001 1070 3090 parandi

234 3115 451 3183 Instrumenta
468 3113 582 3204 quibus
601 3134 787 3204 superantur
806 3135 905 3183 castra
923 3115 974 3183 uel
993 3114 1086 3184 urbes

102 3252 188 3318 1710
234 3232 275 3299 Et
293 3229 406 3321 quibus
425 3253 443 3298 e
462 3249 572 3299 contra
591 3230 863 3310 ualeantobsessa
881 3233 990 3299 teneri.

233 3348 298 3416 Iste
316 3369 376 3415 suo
394 3347 489 3414 iactat
506 3345 592 3435 plani
610 3345 736 3414 castella
754 3345 806 3414 uel
825 3345 917 3415 urbes

233 3464 372 3553 Ingenio
390 3461 477 3531 nulla
495 3463 617 3530 ratione
635 3463 778 3530 resistere
799 3483 894 3551 posse

234 3577 426 3647 Dummodo
444 3601 512 3646 non
531 3596 652 3646 metuat
670 3576 745 3645 foris
764 3579 958 3666 insurgentia
976 3576 1065 3645 bella.

234 3694 332 3763 Hunc
349 3693 446 3783 igitur
462 3694 569 3782 precio
589 3692 785 3761 conductum
808 3692 982 3761 Mediolani

103 3829 187 3897 1715
236 3808 334 3878 Ciues
351 3831 420 3876 non
439 3807 569 3877 modico
588 3831 697 3877 carum
716 3827 943 3897 acceptumque
967 3807 1115 3875 tenebant

154 3999 216 4047 1702.
230 3987 291 4046 tum]
305 3998 389 4035 otnero
401 3988 476 4033 cum?
490 3988 577 4045 lerioue
590 3988 681 4034 Incerta
688 4001 698 4043 ,·
710 3989 730 4033 t'l
742 4002 784 4034 ms.
803 3987 901 4043 Triauir.
917 3988 948 4031 bo
961 3998 1030 4043 quum

61 4127 65 4131 ’
99 4132 282 4188 1686111116.
295 4133 430 4199 Acravll,
447 4148 506 4203 535.
745 4132 835 4187 tevole
854 4131 926 4185 nella
945 4129 1029 4185 difesa
1051 4131 1077 4185 di
1096 4129 1209 4198 Milano,
1227 4150 1252 4185 v.
1271 4130 1289 4185 il

99 4214 177 4290 1696.
192 4216 282 4272 Vane.
299 4216 390 4289 Georg.
405 4216 452 4283 IV,
466 4218 508 4285 85.
745 4234 825 4288 passo
836 4218 918 4269 citato
931 4218 957 4269 i11
968 4226 1032 4269 nota
1042 4215 1067 4268 al
1078 4233 1102 4267 v.
1116 4212 1291 4281 164696101-

98 4299 178 4375 1699.
192 4300 282 4357 Valeo.
297 4302 360 4357 Am.
375 4301 424 4369 111,
439 4318 482 4372 71.
745 4315 784 4356 tre
800 4301 844 4355 nel
859 4302 915 4356 Lib.
931 4303 992 4354 trist.
1006 4308 1030 4356 et
1044 4300 1091 4354 dol.
1107 4299 1132 4352 le
1148 4317 1191 4376 pp..
1210 4299 1259 4369 3⁶4
1275 4317 1289 4354 e

98 4401 177 4456 17⁰0·
193 4384 237 4441 ct
252 4384 342 4441 Vane.
353 4388 417 4442 Aen.
433 4387 481 4453 111,
496 4385 556 4443 610.
747 4386 805 4458 368,
816 4387 923 4440 nonche
933 4387 1049 4439 Acrato
1060 4385 1289 4440 MoueuaDereb.

98 4487 177 4542 1701.
188 4470 279 4529 Vetto.
290 4473 357 4527 Aen.
369 4472 417 4539 XI,
429 4469 490 4540 611,
503 4472 562 4542 635.
746 4472 826 4527 Laud.
836 4473 927 4526 contin.
935 4469 987 4540 636
996 4470 1064 4537 ¹⁴31.
1072 4468 1290 4541 putelanotadel

99 4571 177 4626 1704
189 4554 280 4611 Varo.
292 4558 358 4614 Aen.
366 4558 400 4624 V,
415 4572 474 4626 552.
745 4559 912 4611 Punicam
924 4573 939 4608 a
949 4573 973 4626 p.
984 4553 1001 4608 6
1011 4553 1081 4608 delle
1094 4553 1195 4608 Virmde
1204 4554 1230 4607 di
1239 4554 1291 4606 Mi-

98 4640 177 4712 1708.
195 4640 331 4697 Vinicianus
342 4641 421 4712 adest]
433 4642 546 4696 lntomo
560 4653 682 4713 aquesto
744 4642 801 4696 lano
820 4639 923 4693 durante
939 4639 963 4692 la
976 4655 1067 4709 guerra
1081 4655 1127 4691 con
1137 4637 1254 4709 Fedcrt'go
1266 4637 1288 4701 1,

132 4726 317 4798 personaggio
327 4725 379 4781 che
394 4727 463 4782 ebbe
477 4741 530 4780 una
543 4737 619 4796 parte
634 4741 682 4779 no·
744 4725 857 4794 Milano,
873 4724 946 4794 1778.

209 4845 222 4900 5
