3300 5796
593 471 717 529 GESTA
745 473 785 528 DI
812 473 1000 530 FEDERICO
1028 472 1049 528 I.

223 599 460 609 ————

357 718 503 803 Ceditur;
523 738 554 788 at
571 743 678 789 rursus
697 722 805 809 plebes
824 741 970 813 superata
988 722 1125 811 fugatur.

356 835 551 904 incumbunt
569 839 707 925 grauiter
725 839 858 927 Ligures
878 839 1038 929 fortesque
1056 839 1229 907 Alamanni

356 955 396 1021 Et
413 951 529 1021 feriunt
547 952 685 1021 fundunt
704 955 832 1043 capiunt
850 954 1049 1044 spoliantque
1069 954 1208 1043 fugaces.

355 1070 503 1158 Denique
523 1071 669 1140 Romane
688 1069 822 1158 fugienti
841 1093 968 1159 parcere
987 1070 1070 1160 plebi

356 1183 508 1252 Militibus
526 1184 613 1253 iubet
632 1183 694 1253 aud
713 1183 807 1253 dubie
826 1187 929 1253 uictor
947 1185 1142 1268 Fredericus,

354 1301 470 1388 Atque,
490 1298 564 1368 dato
583 1301 688 1389 signo
708 1302 819 1390 repetit
836 1302 981 1384 tentoria,
1000 1303 1107 1391 paucis

354 1415 500 1498 Amissis,
521 1414 580 1482 alia
598 1433 646 1482 set
663 1414 770 1482 multis
789 1433 876 1503 parte
894 1416 1032 1483 retentis.

355 1531 486 1612 Etiam,
505 1530 580 1598 solis
600 1532 683 1620 equi,
703 1533 805 1620 spatio
825 1554 981 1621 cursuque
999 1552 1138 1620 peracte,

353 1647 523 1735 Accipiunt
540 1647 684 1734 requiem
703 1645 807 1729 simul,
828 1665 860 1713 et
878 1668 943 1713 nox
964 1645 1096 1714 humida
1114 1649 1215 1736 surgit

354 1761 526 1850 Turbaque
545 1760 627 1828 fessa
645 1762 710 1829 suis
729 1761 829 1828 reficit
847 1785 904 1829 sua
923 1785 1056 1850 corpora
1075 1764 1194 1830 castris.

353 1877 483 1944 Postera
502 1900 576 1972 cum
595 1878 684 1944 terris
704 1876 849 1945 tenebras
868 1900 980 1945 aurora
998 1877 1132 1965 fugarat,

352 1993 507 2060 Summus
526 1993 631 2082 presul
650 1993 738 2060 adest
756 2016 928 2082 regemque
946 1995 1107 2061 remittere
1126 2009 1236 2083 'captos

352 2109 400 2175 Ac
418 2106 538 2175 donare
556 2108 614 2175 sibi
633 2111 745 2197 poscit,
765 2111 880 2198 pietate
900 2110 1061 2197 magistra.

353 2223 443 2291 Tum
461 2247 517 2290 rex
535 2223 722 2312 pontificem
740 2248 908 2293 summum¹
925 2244 1092 2293 veneratus
1112 2225 1251 2293 honorat

352 2337 551 2427 Exauditque
569 2361 677 2426 preces
697 2338 836 2427 placidus
856 2359 1028 2429 captosque
1045 2339 1165 2408 relaxat

352 2454 518 2523 Romanos
538 2456 634 2536 cinea,
654 2477 735 2544 quos
755 2455 838 2522 bello
858 2473 983 2544 ceperat
1002 2474 1093 2537 ante3

352 2568 432 2635 Inde
449 2567 580 2656 plagam
599 2571 695 2637 motis
714 2568 816 2657 placet
834 2569 919 2636 illam
939 2571 1041 2637 uisere
1060 2571 1180 2653 castris,

351 2682 502 2773 Vrbeque
521 2683 660 2766 dimissa,
681 2683 820 2751 confinia
839 2686 959 2767 circuit,
997 2684 1055 2751 'tas

352 2798 570 2888 Confringens
588 2818 701 2883 turres,
721 2823 799 2890 quas
819 2800 923 2868 incola
940 2800 1055 2867 fecerat
1073 2800 1170 2883 urbis,

350 2917 395 2983 Vt
412 2918 556 3004 proprias
575 2916 666 2984 uillas
684 2917 733 2984 his
751 2935 861 3005 posset
880 2914 917 2983 ab
937 2915 1029 2983 hoste
1047 2917 1128 2983 tueri

350 3030 469 3100 Tutius
489 3050 583 3120 atque
603 3031 680 3114 aliis,
701 3050 828 3120 cuperet
846 3033 873 3097 si
891 3029 1030 3120 quando,
1050 3053 1183 3112 nocere;

350 3147 417 3213 Has
436 3170 492 3214 rex
512 3148 667 3217 Romanis
687 3145 729 3213 ob
748 3145 868 3213 bellum
887 3148 982 3213 iratus
1002 3168 1115 3213 eorum

350 3264 466 3344 Diruit,
485 3281 522 3331 ut
539 3262 697 3352 populum
716 3263 760 3329 sic
781 3280 894 3329 terreat
913 3263 978 3350 ipse
997 3261 1171 3349 superbum

351 3378 559 3466 Peniteatque
579 3377 671 3444 illum
690 3375 809 3445 bellum
829 3377 968 3442 mouisse
988 3375 1175 3463 malignum.

392 3493 489 3561 Tunc
509 3491 671 3561 Amaldus
690 3495 735 3559 eis
754 3511 820 3557 erat
839 3492 871 3557 in
890 3487 1076 3577 regionibus
1095 3488 1147 3555 ille

348 3608 453 3675 Brixia
471 3631 570 3697 quem
589 3608 701 3696 genuit
721 3605 818 3673 coluit
837 3605 1037 3692 nimiumque
1056 3622 1166 3671 secuta
1182 3623 1239 3670 est.

348 3725 406 3791 Vir
424 3726 521 3792 nimis
541 3743 685 3792 austerus
705 3722 846 3811 dureque
864 3744 921 3810 per
940 3722 1049 3787 omnia
1068 3722 1143 3801 uite,

269 3967 323 4013 742.
339 3957 396 4004 coa.
411 3971 480 4015 parce
535 3959 592 4016 758.
608 3957 665 4003 Cod.
680 3964 738 4002 trent

121 4161 123 4165 ¹
213 4189 274 4245 741.
286 4173 332 4231 ef.
341 4175 431 4231 Vnae.
441 4177 506 4231 Am.
518 4175 571 4230 XII
599 4190 657 4246 ¹29·
864 4171 983 4225 Gorun.
997 4168 1113 4222 Virmn.
1130 4168 1204 4224 Gau
1216 4168 1288 4223 Frr'd.
1304 4185 1414 4245 139113

213 4258 550 4328 744Vrno.Am.11‚8.'
866 4253 1175 4322 sponsaturus.
1193 4253 1415 4319 ommam,

213 4342 273 4413 746
286 4344 375 4400 Vm·
391 4347 456 4401 Am
465 4345 553 4412 V,42.
867 4336 1113 4409 590,eGennonus
1123 4336 1415 4391 Rucurnsnenosnsrs

212 4444 272 4499 754
283 4430 319 4484 Di
342 4443 441 4502 questo
466 4428 710 4486 smantellamento
732 4423 803 4479 delle
866 4420 909 4474 nel
922 4419 1006 4472 brano
1026 4419 1155 4488 n'porrato
1174 4417 1217 4470 dal
1228 4417 1415 4488 winemeri,

245 4515 311 4568 torri
323 4515 350 4568 di
364 4515 454 4570 Roma
467 4532 516 4587 per
529 4531 614 4586 opera
627 4512 654 4565 di
670 4508 802 4565 Federico
868 4505 958 4574 Pontis.
974 4505 1045 4558 Rom.
1057 4503 1136 4567 Vitae,
1150 4501 1183 4566 11,
1200 4503 1257 4569 348,
1269 4519 1295 4555 n.
1314 4520 1335 4556 1.
1364 4504 1415 4559 Ρη

246 4616 301 4654 non
314 4613 394 4655 πονο
407 4602 516 4657 ricordo
532 4601 646 4654 altrove.
865 4587 950 4659 questi
968 4582 1108 4640 Gotifredo
1124 4599 1195 4653 pone
1208 4583 1227 4635 il
1240 4583 1375 4654 supplirio
1388 4587 1414 4639 di

212 4683 516 4753 76036⁰.ct0rron
532 4685 609 4742 Gesta
619 4681 692 4738 Frid.
703 4680 724 4747 1,
735 4678 749 4748 §
761 4674 803 4740 26,
866 4669 986 4725 Amallo
1004 4669 1089 4738 pn'ma
1108 4666 1178 4720 della
1202 4669 1342 4721 venandi
1366 4670 1417 4724 Fe·

246 4769 280 4836 11,
293 4770 365 4840 §²83
379 4771 490 4828 Bosora.
507 4771 566 4827 Vtro
580 4767 665 4824 Hodr.
680 4765 729 4829 IV,
743 4775 803 4831 3243
866 4755 956 4810 derico
972 4753 999 4805 iu
1015 4751 1111 4806 Roma
