<?xml version="1.0" encoding="UTF-8"?>
<!DOCTYPE html PUBLIC "-//W3C//DTD XHTML 1.0 Transitional//EN"
    "http://www.w3.org/TR/xhtml1/DTD/xhtml1-transitional.dtd">
<html xmlns="http://www.w3.org/1999/xhtml" xml:lang="en" lang="en">
 <head>
  <title>
</title>
<meta http-equiv="Content-Type" content="text/html;charset=utf-8" />
  <meta name='ocr-system' content='tesseract 3.04.00' />
  <meta name='ocr-capabilities' content='ocr_page ocr_carea ocr_par ocr_line ocrx_word'/>
</head>
<body>
  <div class='ocr_page' id='page_1' title='image "./gestadifederico00monagoog_0130.png"; bbox 0 0 3300 5796; ppageno 0'>
   <div class='ocr_carea' id='block_1_1' title="bbox 769 532 1020 589">
    <p class='ocr_par' dir='ltr' id='par_1_1' title="bbox 769 532 1020 589">
     <span class='ocr_line' id='line_1_1' title="bbox 769 532 1020 589; baseline 0 -1"><span class='ocrx_word' id='word_1_1' title='bbox 769 532 1020 589; x_wconf 85' lang='lat' dir='ltr'><strong>ANONIMO</strong></span> 
     </span>
    </p>
   </div>
   <div class='ocr_carea' id='block_1_2' title="bbox 400 777 1492 1792">
    <p class='ocr_par' dir='ltr' id='par_1_2' title="bbox 437 777 1201 871">
     <span class='ocr_line' id='line_1_2' title="bbox 437 777 1201 871; baseline -0.003 -22"><span class='ocrx_word' id='word_1_2' title='bbox 437 782 536 849; x_wconf 90' lang='lat' dir='ltr'>Curat</span> <span class='ocrx_word' id='word_1_3' title='bbox 554 800 586 850; x_wconf 89' lang='lat' dir='ltr'><strong>et</strong></span> <span class='ocrx_word' id='word_1_4' title='bbox 604 782 728 871; x_wconf 87' lang='lat' dir='ltr'>ingenti</span> <span class='ocrx_word' id='word_1_5' title='bbox 745 782 859 871; x_wconf 90' lang='lat' dir='ltr'><strong>premit</strong></span> <span class='ocrx_word' id='word_1_6' title='bbox 878 779 1046 849; x_wconf 88' lang='lat' dir='ltr'><strong>obsidione</strong></span> <span class='ocrx_word' id='word_1_7' title='bbox 1065 777 1201 870; x_wconf 86' lang='lat' dir='ltr'><strong>superba</strong></span> 
     </span>
    </p>

    <p class='ocr_par' dir='ltr' id='par_1_3' title="bbox 437 895 1211 986">
     <span class='ocr_line' id='line_1_3' title="bbox 437 895 1211 986; baseline -0.003 -22"><span class='ocrx_word' id='word_1_8' title='bbox 437 897 544 964; x_wconf 90' lang='lat' dir='ltr'><strong>Meuia</strong></span> <span class='ocrx_word' id='word_1_9' title='bbox 562 920 624 986; x_wconf 89' lang='lat' dir='ltr'><strong>qua</strong></span> <span class='ocrx_word' id='word_1_10' title='bbox 643 917 768 986; x_wconf 91' lang='lat' dir='ltr'><strong>pratum</strong></span> <span class='ocrx_word' id='word_1_11' title='bbox 786 896 845 965; x_wconf 86' lang='lat' dir='ltr'><strong>fuit</strong></span> <span class='ocrx_word' id='word_1_12' title='bbox 863 896 1093 986; x_wconf 90' lang='lat' dir='ltr'><strong>Archipresulis</strong></span> <span class='ocrx_word' id='word_1_13' title='bbox 1111 895 1211 978; x_wconf 88' lang='lat' dir='ltr'><strong>olim;</strong></span> 
     </span>
    </p>

    <p class='ocr_par' dir='ltr' id='par_1_4' title="bbox 434 1011 1228 1101">
     <span class='ocr_line' id='line_1_4' title="bbox 434 1011 1228 1101; baseline -0.001 -21"><span class='ocrx_word' id='word_1_14' title='bbox 434 1013 585 1101; x_wconf 85' lang='lat' dir='ltr'><strong>Namque</strong></span> <span class='ocrx_word' id='word_1_15' title='bbox 604 1013 647 1080; x_wconf 93' lang='lat' dir='ltr'><strong>ibi</strong></span> <span class='ocrx_word' id='word_1_16' title='bbox 664 1013 744 1079; x_wconf 90' lang='lat' dir='ltr'><strong>mira</strong></span> <span class='ocrx_word' id='word_1_17' title='bbox 763 1012 851 1081; x_wconf 89' lang='lat' dir='ltr'><strong>ducis</strong></span> <span class='ocrx_word' id='word_1_18' title='bbox 871 1011 936 1080; x_wconf 90' lang='lat' dir='ltr'><strong>uidi</strong></span> <span class='ocrx_word' id='word_1_19' title='bbox 951 1013 1089 1080; x_wconf 88' lang='lat' dir='ltr'><strong>tentoria</strong></span> <span class='ocrx_word' id='word_1_20' title='bbox 1107 1011 1228 1079; x_wconf 90' lang='lat' dir='ltr'><strong>summi</strong></span> 
     </span>
    </p>

    <p class='ocr_par' dir='ltr' id='par_1_5' title="bbox 434 1125 1144 1216">
     <span class='ocr_line' id='line_1_5' title="bbox 434 1125 1144 1216; baseline -0.003 -21"><span class='ocrx_word' id='word_1_21' title='bbox 434 1128 497 1195; x_wconf 86' lang='lat' dir='ltr'><strong>Vix</strong></span> <span class='ocrx_word' id='word_1_22' title='bbox 517 1126 596 1195; x_wconf 89' lang='lat' dir='ltr'><strong>ultra</strong></span> <span class='ocrx_word' id='word_1_23' title='bbox 615 1126 726 1216; x_wconf 88' lang='lat' dir='ltr'><strong>lapidis</strong></span> <span class='ocrx_word' id='word_1_24' title='bbox 742 1130 861 1195; x_wconf 90' lang='lat' dir='ltr'><strong>iactum</strong></span> <span class='ocrx_word' id='word_1_25' title='bbox 879 1127 1030 1196; x_wconf 82' lang='lat' dir='ltr'><strong>distantia</strong></span> <span class='ocrx_word' id='word_1_26' title='bbox 1049 1125 1144 1208; x_wconf 92' lang='lat' dir='ltr'><strong>uallo,</strong></span> 
     </span>
    </p>

    <p class='ocr_par' dir='ltr' id='par_1_6' title="bbox 400 1238 1492 1444">
     <span class='ocr_line' id='line_1_6' title="bbox 435 1238 1492 1330; baseline -0.003 -22"><span class='ocrx_word' id='word_1_27' title='bbox 435 1242 662 1330; x_wconf 89' lang='lat' dir='ltr'><strong>Innumerique</strong></span> <span class='ocrx_word' id='word_1_28' title='bbox 682 1240 777 1309; x_wconf 91' lang='lat' dir='ltr'><strong>duces</strong></span> <span class='ocrx_word' id='word_1_29' title='bbox 797 1263 927 1329; x_wconf 91' lang='lat' dir='ltr'><strong>campos</strong></span> <span class='ocrx_word' id='word_1_30' title='bbox 946 1240 1021 1307; x_wconf 91' lang='lat' dir='ltr'><strong>hinc</strong></span> <span class='ocrx_word' id='word_1_31' title='bbox 1039 1239 1114 1308; x_wconf 91' lang='lat' dir='ltr'><strong>inde</strong></span> <span class='ocrx_word' id='word_1_32' title='bbox 1132 1238 1307 1329; x_wconf 80' lang='lat' dir='ltr'><strong>replebant.</strong></span> <span class='ocrx_word' id='word_1_33' title='bbox 1399 1247 1492 1324; x_wconf 81' lang='lat'>2270</span> 
     </span>
     <span class='ocr_line' id='line_1_7' title="bbox 400 1353 1202 1444; baseline -0.001 -21"><span class='ocrx_word' id='word_1_34' title='bbox 400 1373 405 1382; x_wconf 87' lang='lat'><strong>·</strong></span> <span class='ocrx_word' id='word_1_35' title='bbox 435 1353 524 1423; x_wconf 90' lang='lat' dir='ltr'><strong>Tum</strong></span> <span class='ocrx_word' id='word_1_36' title='bbox 544 1357 699 1444; x_wconf 87' lang='lat' dir='ltr'><strong>Ligurum</strong></span> <span class='ocrx_word' id='word_1_37' title='bbox 715 1358 811 1440; x_wconf 89' lang='lat' dir='ltr'><strong>uarie,</strong></span> <span class='ocrx_word' id='word_1_38' title='bbox 830 1357 995 1444; x_wconf 84' lang='lat' dir='ltr'><strong>presertim</strong></span> <span class='ocrx_word' id='word_1_39' title='bbox 1015 1354 1202 1423; x_wconf 84' lang='lat' dir='ltr'><strong>Mediolano</strong></span> 
     </span>
    </p>

    <p class='ocr_par' dir='ltr' id='par_1_7' title="bbox 435 1472 1181 1560">
     <span class='ocr_line' id='line_1_8' title="bbox 435 1472 1181 1560; baseline 0.001 -22"><span class='ocrx_word' id='word_1_40' title='bbox 435 1473 596 1554; x_wconf 90' lang='lat' dir='ltr'><strong>Finitime,</strong></span> <span class='ocrx_word' id='word_1_41' title='bbox 616 1491 736 1540; x_wconf 88' lang='lat' dir='ltr'><strong>certant</strong></span> <span class='ocrx_word' id='word_1_42' title='bbox 751 1497 808 1540; x_wconf 93' lang='lat' dir='ltr'><strong>sua</strong></span> <span class='ocrx_word' id='word_1_43' title='bbox 827 1472 908 1539; x_wconf 90' lang='lat' dir='ltr'><strong>bello</strong></span> <span class='ocrx_word' id='word_1_44' title='bbox 924 1472 1049 1539; x_wconf 88' lang='lat' dir='ltr'><strong>mittere</strong></span> <span class='ocrx_word' id='word_1_45' title='bbox 1068 1490 1181 1560; x_wconf 85' lang='lat' dir='ltr'><strong>gentes</strong></span> 
     </span>
    </p>

    <p class='ocr_par' dir='ltr' id='par_1_8' title="bbox 434 1587 1139 1678">
     <span class='ocr_line' id='line_1_9' title="bbox 434 1587 1139 1678; baseline 0 -24"><span class='ocrx_word' id='word_1_46' title='bbox 434 1587 572 1670; x_wconf 84' lang='lat' dir='ltr'><strong>Auxilia,</strong></span> <span class='ocrx_word' id='word_1_47' title='bbox 586 1589 721 1678; x_wconf 88' lang='lat' dir='ltr'><strong>imperio</strong></span> <span class='ocrx_word' id='word_1_48' title='bbox 741 1588 899 1655; x_wconf 90' lang='lat' dir='ltr'><strong>Frederici</strong></span> <span class='ocrx_word' id='word_1_49' title='bbox 917 1589 976 1655; x_wconf 88' lang='lat' dir='ltr'><strong>rite</strong></span> <span class='ocrx_word' id='word_1_50' title='bbox 995 1587 1139 1656; x_wconf 79' lang='lat' dir='ltr'><strong>fauentes</strong></span> 
     </span>
    </p>

    <p class='ocr_par' dir='ltr' id='par_1_9' title="bbox 435 1701 1205 1792">
     <span class='ocr_line' id='line_1_10' title="bbox 435 1701 1205 1792; baseline -0.001 -22"><span class='ocrx_word' id='word_1_51' title='bbox 435 1704 475 1770; x_wconf 88' lang='lat' dir='ltr'><strong>Et</strong></span> <span class='ocrx_word' id='word_1_52' title='bbox 491 1702 585 1770; x_wconf 90' lang='lat' dir='ltr'><strong>simul</strong></span> <span class='ocrx_word' id='word_1_53' title='bbox 604 1703 741 1771; x_wconf 90' lang='lat' dir='ltr'><strong>inuisam</strong></span> <span class='ocrx_word' id='word_1_54' title='bbox 761 1703 923 1792; x_wconf 91' lang='lat' dir='ltr'><strong>cupientes</strong></span> <span class='ocrx_word' id='word_1_55' title='bbox 943 1704 1063 1772; x_wconf 91' lang='lat' dir='ltr'><strong>uincier</strong></span> <span class='ocrx_word' id='word_1_56' title='bbox 1081 1701 1205 1784; x_wconf 90' lang='lat' dir='ltr'><strong>urbem,</strong></span> 
     </span>
    </p>
   </div>
   <div class='ocr_carea' id='block_1_3' title="bbox 433 1818 1184 1909">
    <p class='ocr_par' dir='ltr' id='par_1_10' title="bbox 433 1818 1184 1909">
     <span class='ocr_line' id='line_1_11' title="bbox 433 1818 1184 1909; baseline -0.003 -23"><span class='ocrx_word' id='word_1_57' title='bbox 433 1820 478 1886; x_wconf 92' lang='lat' dir='ltr'><strong>Vt</strong></span> <span class='ocrx_word' id='word_1_58' title='bbox 494 1818 624 1886; x_wconf 89' lang='lat' dir='ltr'><strong>tandem</strong></span> <span class='ocrx_word' id='word_1_59' title='bbox 640 1819 731 1887; x_wconf 85' lang='lat' dir='ltr'><strong>liceat</strong></span> <span class='ocrx_word' id='word_1_60' title='bbox 749 1839 873 1888; x_wconf 89' lang='lat' dir='ltr'><strong>ueteres</strong></span> <span class='ocrx_word' id='word_1_61' title='bbox 889 1818 1014 1887; x_wconf 90' lang='lat' dir='ltr'><strong>abolere</strong></span> <span class='ocrx_word' id='word_1_62' title='bbox 1032 1818 1184 1909; x_wconf 84' lang='lat' dir='ltr'><strong>querelas.</strong></span> 
     </span>
    </p>
   </div>
   <div class='ocr_carea' id='block_1_4' title="bbox 1405 1836 1477 1903">
    <p class='ocr_par' dir='ltr' id='par_1_11' title="bbox 1405 1836 1477 1903">
     <span class='ocr_line' id='line_1_12' title="bbox 1405 1836 1477 1903; baseline 0 -18"><span class='ocrx_word' id='word_1_63' title='bbox 1405 1836 1477 1903; x_wconf 77' lang='lat'>2275</span> 
     </span>
    </p>
   </div>
   <div class='ocr_carea' id='block_1_5' title="bbox 433 1933 1330 2370">
    <p class='ocr_par' dir='ltr' id='par_1_12' title="bbox 433 1933 1330 2255">
     <span class='ocr_line' id='line_1_13' title="bbox 433 1933 1330 2023; baseline 0 -22"><span class='ocrx_word' id='word_1_64' title='bbox 433 1934 530 2001; x_wconf 88' lang='lat' dir='ltr'><strong>Nunc</strong></span> <span class='ocrx_word' id='word_1_65' title='bbox 550 1957 622 2023; x_wconf 89' lang='lat' dir='ltr'><strong>age,</strong></span> <span class='ocrx_word' id='word_1_66' title='bbox 640 1955 688 2002; x_wconf 88' lang='lat' dir='ltr'><strong>set</strong></span> <span class='ocrx_word' id='word_1_67' title='bbox 705 1934 842 2003; x_wconf 89' lang='lat' dir='ltr'><strong>breuiter</strong></span> <span class='ocrx_word' id='word_1_68' title='bbox 860 1935 1038 2015; x_wconf 91' lang='lat' dir='ltr'><strong>uenientes,</strong></span> <span class='ocrx_word' id='word_1_69' title='bbox 1056 1935 1161 2015; x_wconf 88' lang='lat' dir='ltr'><strong>Musa,</strong></span> <span class='ocrx_word' id='word_1_70' title='bbox 1180 1933 1330 2002; x_wconf 78' lang='lat' dir='ltr'><strong>recense!</strong></span> 
     </span>
     <span class='ocr_line' id='line_1_14' title="bbox 436 2047 1268 2140; baseline -0.001 -24"><span class='ocrx_word' id='word_1_71' title='bbox 436 2050 611 2118; x_wconf 87' lang='lat' dir='ltr'><strong>Laudensis</strong></span> <span class='ocrx_word' id='word_1_72' title='bbox 630 2069 776 2140; x_wconf 91' lang='lat' dir='ltr'><strong>properat</strong></span> <span class='ocrx_word' id='word_1_73' title='bbox 794 2050 937 2138; x_wconf 91' lang='lat' dir='ltr'><strong>gaudens</strong></span> <span class='ocrx_word' id='word_1_74' title='bbox 957 2051 1144 2138; x_wconf 89' lang='lat' dir='ltr'><strong>Cumeaque</strong></span> <span class='ocrx_word' id='word_1_75' title='bbox 1167 2047 1268 2137; x_wconf 90' lang='lat' dir='ltr'><strong>pubes</strong></span> 
     </span>
     <span class='ocr_line' id='line_1_15' title="bbox 433 2164 1198 2255; baseline -0.003 -23"><span class='ocrx_word' id='word_1_76' title='bbox 433 2164 613 2254; x_wconf 89' lang='lat' dir='ltr'><strong>Vlciscique</strong></span> <span class='ocrx_word' id='word_1_77' title='bbox 631 2189 722 2234; x_wconf 90' lang='lat' dir='ltr'><strong>suam</strong></span> <span class='ocrx_word' id='word_1_78' title='bbox 740 2183 868 2255; x_wconf 87' lang='lat' dir='ltr'><strong>sperant</strong></span> <span class='ocrx_word' id='word_1_79' title='bbox 890 2165 949 2233; x_wconf 91' lang='lat' dir='ltr'><strong>sub</strong></span> <span class='ocrx_word' id='word_1_80' title='bbox 967 2186 1043 2253; x_wconf 90' lang='lat' dir='ltr'><strong>rege</strong></span> <span class='ocrx_word' id='word_1_81' title='bbox 1062 2166 1198 2245; x_wconf 90' lang='lat' dir='ltr'><strong>ruinam,</strong></span> 
     </span>
    </p>

    <p class='ocr_par' dir='ltr' id='par_1_13' title="bbox 433 2279 1271 2370">
     <span class='ocr_line' id='line_1_16' title="bbox 433 2279 1271 2370; baseline 0 -23"><span class='ocrx_word' id='word_1_82' title='bbox 433 2283 472 2348; x_wconf 90' lang='lat' dir='ltr'><strong>Et</strong></span> <span class='ocrx_word' id='word_1_83' title='bbox 491 2300 708 2370; x_wconf 89' lang='lat' dir='ltr'><strong>quotcumque</strong></span> <span class='ocrx_word' id='word_1_84' title='bbox 727 2281 813 2348; x_wconf 89' lang='lat' dir='ltr'><strong>ualet</strong></span> <span class='ocrx_word' id='word_1_85' title='bbox 830 2303 987 2369; x_wconf 89' lang='lat' dir='ltr'><strong>generosa</strong></span> <span class='ocrx_word' id='word_1_86' title='bbox 1005 2280 1102 2368; x_wconf 90' lang='lat' dir='ltr'><strong>Papia</strong></span> <span class='ocrx_word' id='word_1_87' title='bbox 1122 2279 1271 2347; x_wconf 90' lang='lat' dir='ltr'><strong>cohortes</strong></span> 
     </span>
    </p>
   </div>
   <div class='ocr_carea' id='block_1_6' title="bbox 431 2395 1200 2485">
    <p class='ocr_par' dir='ltr' id='par_1_14' title="bbox 431 2395 1200 2485">
     <span class='ocr_line' id='line_1_17' title="bbox 431 2395 1200 2485; baseline -0.003 -23"><span class='ocrx_word' id='word_1_88' title='bbox 431 2396 541 2478; x_wconf 82' lang='lat' dir='ltr'><strong>Ducit,</strong></span> <span class='ocrx_word' id='word_1_89' title='bbox 560 2415 595 2464; x_wconf 93' lang='lat' dir='ltr'><strong>ut</strong></span> <span class='ocrx_word' id='word_1_90' title='bbox 614 2397 722 2485; x_wconf 89' lang='lat' dir='ltr'><strong>eripiat</strong></span> <span class='ocrx_word' id='word_1_91' title='bbox 740 2397 885 2485; x_wconf 92' lang='lat' dir='ltr'><strong>proprios</strong></span> <span class='ocrx_word' id='word_1_92' title='bbox 905 2395 944 2463; x_wconf 91' lang='lat' dir='ltr'><strong>de</strong></span> <span class='ocrx_word' id='word_1_93' title='bbox 963 2418 1086 2463; x_wconf 88' lang='lat' dir='ltr'><strong>carcere</strong></span> <span class='ocrx_word' id='word_1_94' title='bbox 1105 2395 1200 2462; x_wconf 89' lang='lat' dir='ltr'><strong>ciues.</strong></span> 
     </span>
    </p>
   </div>
   <div class='ocr_carea' id='block_1_7' title="bbox 350 2598 611 2657">
    <p class='ocr_par' dir='ltr' id='par_1_15' title="bbox 350 2598 611 2657">
     <span class='ocr_line' id='line_1_18' title="bbox 350 2598 611 2657; baseline 0.015 -17"><span class='ocrx_word' id='word_1_95' title='bbox 350 2598 411 2656; x_wconf 69' lang='lat'><strong>2276,</strong></span> <span class='ocrx_word' id='word_1_96' title='bbox 428 2598 483 2645; x_wconf 83' lang='lat' dir='ltr'><strong>Cod.</strong></span> <span class='ocrx_word' id='word_1_97' title='bbox 496 2601 611 2657; x_wconf 85' lang='lat' dir='ltr'><strong>pubesque</strong></span> 
     </span>
    </p>
   </div>
   <div class='ocr_carea' id='block_1_8' title="bbox 291 2772 880 4784">
    <p class='ocr_par' dir='ltr' id='par_1_16' title="bbox 297 2772 880 4023">
     <span class='ocr_line' id='line_1_19' title="bbox 297 2772 878 2847; baseline 0.005 -21"><span class='ocrx_word' id='word_1_98' title='bbox 297 2772 426 2844; x_wconf 85' lang='lat'>2266-67.</span> <span class='ocrx_word' id='word_1_99' title='bbox 441 2778 545 2847; x_wconf 79' lang='lat' dir='ltr'><strong>superba</strong></span> <span class='ocrx_word' id='word_1_100' title='bbox 560 2776 659 2846; x_wconf 74' lang='lat' dir='ltr'><strong>Mania]</strong></span> <span class='ocrx_word' id='word_1_101' title='bbox 678 2777 745 2831; x_wconf 81' lang='lat' dir='ltr'><strong>«De</strong></span> <span class='ocrx_word' id='word_1_102' title='bbox 764 2777 878 2830; x_wconf 87' lang='lat' dir='ltr'><strong>civitatis</strong></span> 
     </span>
     <span class='ocr_line' id='line_1_20' title="bbox 331 2859 880 2928; baseline 0.005 -18"><span class='ocrx_word' id='word_1_103' title='bbox 331 2859 437 2928; x_wconf 77' lang='lat' dir='ltr'><strong>«ipsius</strong></span> <span class='ocrx_word' id='word_1_104' title='bbox 450 2859 503 2913; x_wconf 90' lang='lat' dir='ltr'><strong>situ</strong></span> <span class='ocrx_word' id='word_1_105' title='bbox 517 2872 543 2914; x_wconf 85' lang='lat' dir='ltr'><strong>et</strong></span> <span class='ocrx_word' id='word_1_106' title='bbox 552 2861 709 2916; x_wconf 76' lang='lat' dir='ltr'><strong>moribus...</strong></span> <span class='ocrx_word' id='word_1_107' title='bbox 724 2860 752 2914; x_wconf 92' lang='lat' dir='ltr'><strong>id</strong></span> <span class='ocrx_word' id='word_1_108' title='bbox 764 2860 880 2914; x_wconf 88' lang='lat' dir='ltr'><strong>adicien-</strong></span> 
     </span>
     <span class='ocr_line' id='line_1_21' title="bbox 331 2942 878 3015; baseline 0.005 -23"><span class='ocrx_word' id='word_1_109' title='bbox 331 2942 420 2994; x_wconf 77' lang='lat' dir='ltr'><strong>ndum</strong></span> <span class='ocrx_word' id='word_1_110' title='bbox 439 2942 553 3009; x_wconf 86' lang='lat' dir='ltr'><strong>videtur,</strong></span> <span class='ocrx_word' id='word_1_111' title='bbox 571 2945 645 3014; x_wconf 91' lang='lat' dir='ltr'><strong>quod</strong></span> <span class='ocrx_word' id='word_1_112' title='bbox 664 2943 755 3015; x_wconf 90' lang='lat' dir='ltr'><strong>campi</strong></span> <span class='ocrx_word' id='word_1_113' title='bbox 768 2942 878 3015; x_wconf 88' lang='lat' dir='ltr'><strong>planitie</strong></span> 
     </span>
     <span class='ocr_line' id='line_1_22' title="bbox 330 3024 879 3100; baseline 0.007 -24"><span class='ocrx_word' id='word_1_114' title='bbox 330 3046 344 3075; x_wconf 90' lang='lat'>«</span> <span class='ocrx_word' id='word_1_115' title='bbox 357 3024 473 3097; x_wconf 89' lang='lat' dir='ltr'><strong>undique</strong></span> <span class='ocrx_word' id='word_1_116' title='bbox 493 3030 649 3100; x_wconf 85' lang='lat' dir='ltr'><strong>conspicua,</strong></span> <span class='ocrx_word' id='word_1_117' title='bbox 664 3040 758 3082; x_wconf 87' lang='lat' dir='ltr'><strong>natura</strong></span> <span class='ocrx_word' id='word_1_118' title='bbox 773 3026 828 3081; x_wconf 92' lang='lat' dir='ltr'><strong>loci</strong></span> <span class='ocrx_word' id='word_1_119' title='bbox 843 3026 879 3080; x_wconf 87' lang='lat' dir='ltr'><strong>la-</strong></span> 
     </span>
     <span class='ocr_line' id='line_1_23' title="bbox 331 3111 880 3184; baseline 0.009 -24"><span class='ocrx_word' id='word_1_120' title='bbox 331 3111 466 3164; x_wconf 75' lang='lat' dir='ltr'><strong>«tissima.</strong></span> <span class='ocrx_word' id='word_1_121' title='bbox 486 3112 611 3166; x_wconf 82' lang='lat' dir='ltr'><strong>Ambitus</strong></span> <span class='ocrx_word' id='word_1_122' title='bbox 634 3113 691 3167; x_wconf 87' lang='lat' dir='ltr'><strong>eius</strong></span> <span class='ocrx_word' id='word_1_123' title='bbox 714 3129 794 3184; x_wconf 90' lang='lat' dir='ltr'><strong>super</strong></span> <span class='ocrx_word' id='word_1_124' title='bbox 820 3129 880 3166; x_wconf 89' lang='lat' dir='ltr'><strong>cen·</strong></span> 
     </span>
     <span class='ocr_line' id='line_1_24' title="bbox 330 3195 878 3251; baseline 0 -3"><span class='ocrx_word' id='word_1_125' title='bbox 330 3206 417 3248; x_wconf 87' lang='lat' dir='ltr'><strong>«terra</strong></span> <span class='ocrx_word' id='word_1_126' title='bbox 437 3195 522 3248; x_wconf 86' lang='lat' dir='ltr'><strong>stadia</strong></span> <span class='ocrx_word' id='word_1_127' title='bbox 543 3196 760 3251; x_wconf 88' lang='lat' dir='ltr'><strong>circumvenitur.</strong></span> <span class='ocrx_word' id='word_1_128' title='bbox 798 3196 878 3249; x_wconf 90' lang='lat' dir='ltr'><strong>Muro</strong></span> 
     </span>
     <span class='ocr_line' id='line_1_25' title="bbox 331 3278 878 3347; baseline 0.015 -21"><span class='ocrx_word' id='word_1_129' title='bbox 331 3278 545 3347; x_wconf 74' lang='lat' dir='ltr'><strong>«circumdatur,</strong></span> <span class='ocrx_word' id='word_1_130' title='bbox 560 3280 635 3335; x_wconf 87' lang='lat' dir='ltr'><strong>fossa</strong></span> <span class='ocrx_word' id='word_1_131' title='bbox 647 3283 811 3335; x_wconf 88' lang='lat' dir='ltr'><strong>extrinsecus</strong></span> <span class='ocrx_word' id='word_1_132' title='bbox 824 3279 878 3334; x_wconf 90' lang='lat' dir='ltr'><strong>late</strong></span> 
     </span>
     <span class='ocr_line' id='line_1_26' title="bbox 330 3365 877 3437; baseline 0.013 -24"><span class='ocrx_word' id='word_1_133' title='bbox 330 3383 344 3412; x_wconf 73' lang='grc' dir='ltr'><strong>(ι</strong></span> <span class='ocrx_word' id='word_1_134' title='bbox 355 3375 449 3433; x_wconf 87' lang='lat' dir='ltr'><strong>patens</strong></span> <span class='ocrx_word' id='word_1_135' title='bbox 462 3367 537 3436; x_wconf 88' lang='lat' dir='ltr'><strong>aquis</strong></span> <span class='ocrx_word' id='word_1_136' title='bbox 552 3366 634 3437; x_wconf 87' lang='lat' dir='ltr'><strong>plena</strong></span> <span class='ocrx_word' id='word_1_137' title='bbox 648 3367 709 3420; x_wconf 89' lang='lat' dir='ltr'><strong>vice</strong></span> <span class='ocrx_word' id='word_1_138' title='bbox 724 3368 811 3420; x_wconf 90' lang='lat' dir='ltr'><strong>amuis</strong></span> <span class='ocrx_word' id='word_1_139' title='bbox 828 3365 877 3419; x_wconf 89' lang='lat' dir='ltr'><strong>cir·</strong></span> 
     </span>
     <span class='ocr_line' id='line_1_27' title="bbox 330 3448 878 3522; baseline 0.009 -24"><span class='ocrx_word' id='word_1_140' title='bbox 330 3468 344 3497; x_wconf 80' lang='lat' dir='ltr'><strong>u</strong></span> <span class='ocrx_word' id='word_1_141' title='bbox 355 3448 485 3516; x_wconf 89' lang='lat' dir='ltr'><strong>cumfluit‚</strong></span> <span class='ocrx_word' id='word_1_142' title='bbox 501 3467 583 3521; x_wconf 88' lang='lat' dir='ltr'><strong>quam</strong></span> <span class='ocrx_word' id='word_1_143' title='bbox 598 3451 682 3522; x_wconf 89' lang='lat' dir='ltr'><strong>priori</strong></span> <span class='ocrx_word' id='word_1_144' title='bbox 700 3467 773 3504; x_wconf 89' lang='lat' dir='ltr'><strong>auno</strong></span> <span class='ocrx_word' id='word_1_145' title='bbox 788 3451 878 3522; x_wconf 88' lang='lat' dir='ltr'><strong>primi-</strong></span> 
     </span>
     <span class='ocr_line' id='line_1_28' title="bbox 329 3534 876 3601; baseline 0.007 -15"><span class='ocrx_word' id='word_1_146' title='bbox 329 3553 343 3583; x_wconf 73' lang='grc' dir='ltr'><strong>ι(</strong></span> <span class='ocrx_word' id='word_1_147' title='bbox 353 3547 395 3587; x_wconf 91' lang='lat' dir='ltr'><strong>tus</strong></span> <span class='ocrx_word' id='word_1_148' title='bbox 415 3534 449 3587; x_wconf 94' lang='lat' dir='ltr'><strong>ob</strong></span> <span class='ocrx_word' id='word_1_149' title='bbox 470 3546 573 3588; x_wconf 91' lang='lat' dir='ltr'><strong>metum</strong></span> <span class='ocrx_word' id='word_1_150' title='bbox 592 3535 674 3589; x_wconf 86' lang='lat' dir='ltr'><strong>futuri</strong></span> <span class='ocrx_word' id='word_1_151' title='bbox 693 3535 765 3601; x_wconf 91' lang='lat' dir='ltr'><strong>belli,</strong></span> <span class='ocrx_word' id='word_1_152' title='bbox 784 3535 876 3590; x_wconf 86' lang='lat' dir='ltr'><strong>multis</strong></span> 
     </span>
     <span class='ocr_line' id='line_1_29' title="bbox 329 3617 878 3690; baseline 0.013 -24"><span class='ocrx_word' id='word_1_153' title='bbox 329 3637 343 3666; x_wconf 81' lang='lat' dir='ltr'><strong>u</strong></span> <span class='ocrx_word' id='word_1_154' title='bbox 354 3617 443 3671; x_wconf 87' lang='lat' dir='ltr'><strong>invitis</strong></span> <span class='ocrx_word' id='word_1_155' title='bbox 457 3631 483 3672; x_wconf 91' lang='lat' dir='ltr'><strong>et</strong></span> <span class='ocrx_word' id='word_1_156' title='bbox 498 3619 710 3690; x_wconf 86' lang='lat' dir='ltr'><strong>indignantibus,</strong></span> <span class='ocrx_word' id='word_1_157' title='bbox 721 3619 817 3689; x_wconf 86' lang='lat' dir='ltr'><strong>consul</strong></span> <span class='ocrx_word' id='word_1_158' title='bbox 833 3637 878 3674; x_wconf 91' lang='lat' dir='ltr'><strong>eo-</strong></span> 
     </span>
     <span class='ocr_line' id='line_1_30' title="bbox 329 3699 878 3774; baseline 0.009 -23"><span class='ocrx_word' id='word_1_159' title='bbox 329 3719 342 3747; x_wconf 92' lang='lat'>«</span> <span class='ocrx_word' id='word_1_160' title='bbox 354 3717 414 3752; x_wconf 89' lang='lat' dir='ltr'><strong>rum</strong></span> <span class='ocrx_word' id='word_1_161' title='bbox 429 3700 540 3769; x_wconf 89' lang='lat' dir='ltr'><strong>provide</strong></span> <span class='ocrx_word' id='word_1_162' title='bbox 555 3699 663 3756; x_wconf 79' lang='lat' dir='ltr'><strong>fecerat.</strong></span> <span class='ocrx_word' id='word_1_163' title='bbox 675 3700 805 3755; x_wconf 89' lang='lat' dir='ltr'><strong>Turrium</strong></span> <span class='ocrx_word' id='word_1_164' title='bbox 817 3718 878 3774; x_wconf 94' lang='lat' dir='ltr'><strong>pro·</strong></span> 
     </span>
     <span class='ocr_line' id='line_1_31' title="bbox 328 3784 876 3841; baseline 0.015 -8"><span class='ocrx_word' id='word_1_165' title='bbox 328 3804 342 3833; x_wconf 77' lang='lat' dir='ltr'><strong>u</strong></span> <span class='ocrx_word' id='word_1_166' title='bbox 353 3784 461 3839; x_wconf 87' lang='lat' dir='ltr'><strong>ceritate</strong></span> <span class='ocrx_word' id='word_1_167' title='bbox 474 3802 530 3838; x_wconf 92' lang='lat' dir='ltr'><strong>non</strong></span> <span class='ocrx_word' id='word_1_168' title='bbox 549 3798 605 3839; x_wconf 89' lang='lat' dir='ltr'><strong>tam</strong></span> <span class='ocrx_word' id='word_1_169' title='bbox 618 3797 647 3840; x_wconf 92' lang='lat' dir='ltr'><strong>ut</strong></span> <span class='ocrx_word' id='word_1_170' title='bbox 667 3786 735 3840; x_wconf 86' lang='lat' dir='ltr'><strong>aliae</strong></span> <span class='ocrx_word' id='word_1_171' title='bbox 754 3786 876 3841; x_wconf 88' lang='lat' dir='ltr'><strong>civitates</strong></span> 
     </span>
     <span class='ocr_line' id='line_1_32' title="bbox 328 3869 875 3927; baseline 0.016 -10"><span class='ocrx_word' id='word_1_172' title='bbox 328 3869 485 3924; x_wconf 78' lang='lat' dir='ltr'><strong>«student...</strong></span> <span class='ocrx_word' id='word_1_173' title='bbox 496 3890 521 3924; x_wconf 72' lang='lat' dir='ltr'><strong>n.</strong></span> <span class='ocrx_word' id='word_1_174' title='bbox 546 3870 696 3925; x_wconf 73' lang='lat' dir='ltr'><strong>Ranawnu</strong></span> <span class='ocrx_word' id='word_1_175' title='bbox 711 3870 786 3925; x_wconf 70' lang='lat' dir='ltr'><strong>Getta</strong></span> <span class='ocrx_word' id='word_1_176' title='bbox 804 3871 875 3927; x_wconf 74' lang='lat' dir='ltr'><strong>frid.</strong></span> 
     </span>
     <span class='ocr_line' id='line_1_33' title="bbox 327 3952 462 4023; baseline 0.037 -5"><span class='ocrx_word' id='word_1_177' title='bbox 327 3952 405 4022; x_wconf 81' lang='lat'><em>111‚§</em></span> <span class='ocrx_word' id='word_1_178' title='bbox 423 3969 462 4023; x_wconf 85' lang='lat'><strong>37·</strong></span> 
     </span>
    </p>

    <p class='ocr_par' dir='ltr' id='par_1_17' title="bbox 291 4034 876 4784">
     <span class='ocr_line' id='line_1_34' title="bbox 291 4034 875 4110; baseline 0.009 -22"><span class='ocrx_word' id='word_1_179' title='bbox 291 4034 505 4108; x_wconf 88' lang='lat' dir='ltr'><strong>2267·70.Sugli</strong></span> <span class='ocrx_word' id='word_1_180' title='bbox 515 4042 731 4109; x_wconf 84' lang='lat' dir='ltr'><strong>accampamenti</strong></span> <span class='ocrx_word' id='word_1_181' title='bbox 741 4039 875 4110; x_wconf 91' lang='lat' dir='ltr'><strong>imperiali</strong></span> 
     </span>
     <span class='ocr_line' id='line_1_35' title="bbox 325 4121 873 4196; baseline 0.009 -23"><span class='ocrx_word' id='word_1_182' title='bbox 325 4137 392 4174; x_wconf 89' lang='lat' dir='ltr'><strong>ecco</strong></span> <span class='ocrx_word' id='word_1_183' title='bbox 403 4121 499 4175; x_wconf 88' lang='lat' dir='ltr'><strong>alcune</strong></span> <span class='ocrx_word' id='word_1_184' title='bbox 509 4136 574 4176; x_wconf 90' lang='lat' dir='ltr'><strong>note</strong></span> <span class='ocrx_word' id='word_1_185' title='bbox 584 4123 628 4176; x_wconf 89' lang='lat' dir='ltr'><strong>dei</strong></span> <span class='ocrx_word' id='word_1_186' title='bbox 635 4125 873 4196; x_wconf 83' lang='lat' dir='ltr'><strong>contemporanei:</strong></span> 
     </span>
     <span class='ocr_line' id='line_1_36' title="bbox 327 4205 875 4277; baseline 0.015 -23"><span class='ocrx_word' id='word_1_187' title='bbox 327 4223 341 4252; x_wconf 81' lang='lat' dir='ltr'><strong>u</strong></span> <span class='ocrx_word' id='word_1_188' title='bbox 352 4205 580 4277; x_wconf 82' lang='lat' dir='ltr'><strong>Archiepiscopus</strong></span> <span class='ocrx_word' id='word_1_189' title='bbox 597 4205 772 4261; x_wconf 87' lang='lat' dir='ltr'><strong>Collonensis</strong></span> <span class='ocrx_word' id='word_1_190' title='bbox 790 4221 875 4262; x_wconf 86' lang='lat' dir='ltr'><strong>tento-</strong></span> 
     </span>
     <span class='ocr_line' id='line_1_37' title="bbox 328 4288 874 4361; baseline 0.013 -23"><span class='ocrx_word' id='word_1_191' title='bbox 328 4308 341 4338; x_wconf 81' lang='lat' dir='ltr'><strong>u</strong></span> <span class='ocrx_word' id='word_1_192' title='bbox 352 4288 390 4341; x_wconf 89' lang='lat' dir='ltr'><strong>ria</strong></span> <span class='ocrx_word' id='word_1_193' title='bbox 415 4306 463 4343; x_wconf 90' lang='lat' dir='ltr'><strong>sua</strong></span> <span class='ocrx_word' id='word_1_194' title='bbox 488 4307 572 4361; x_wconf 91' lang='lat' dir='ltr'><strong>prope</strong></span> <span class='ocrx_word' id='word_1_195' title='bbox 602 4291 734 4345; x_wconf 87' lang='lat' dir='ltr'><strong>Sanctum</strong></span> <span class='ocrx_word' id='word_1_196' title='bbox 761 4291 874 4347; x_wconf 89' lang='lat' dir='ltr'><strong>Celsum</strong></span> 
     </span>
     <span class='ocr_line' id='line_1_38' title="bbox 327 4373 876 4444; baseline 0.018 -24"><span class='ocrx_word' id='word_1_197' title='bbox 327 4391 341 4420; x_wconf 82' lang='lat' dir='ltr'><strong>u</strong></span> <span class='ocrx_word' id='word_1_198' title='bbox 351 4373 455 4443; x_wconf 88' lang='lat' dir='ltr'><strong>posuit;</strong></span> <span class='ocrx_word' id='word_1_199' title='bbox 468 4375 616 4444; x_wconf 86' lang='lat' dir='ltr'><strong>imperator</strong></span> <span class='ocrx_word' id='word_1_200' title='bbox 627 4375 655 4428; x_wconf 88' lang='lat' dir='ltr'><strong>in</strong></span> <span class='ocrx_word' id='word_1_201' title='bbox 669 4375 800 4430; x_wconf 86' lang='lat' dir='ltr'><strong>solarolio</strong></span> <span class='ocrx_word' id='word_1_202' title='bbox 809 4389 876 4430; x_wconf 91' lang='lat' dir='ltr'><strong>tem-</strong></span> 
     </span>
     <span class='ocr_line' id='line_1_39' title="bbox 327 4456 874 4527; baseline 0.011 -20"><span class='ocrx_word' id='word_1_203' title='bbox 327 4456 390 4527; x_wconf 89' lang='lat' dir='ltr'><strong>«pli</strong></span> <span class='ocrx_word' id='word_1_204' title='bbox 409 4458 442 4510; x_wconf 86' lang='lat' dir='ltr'><strong>de</strong></span> <span class='ocrx_word' id='word_1_205' title='bbox 464 4457 553 4511; x_wconf 92' lang='lat' dir='ltr'><strong>brolio</strong></span> <span class='ocrx_word' id='word_1_206' title='bbox 580 4461 749 4524; x_wconf 81' lang='lat' dir='ltr'><strong>morabatur3</strong></span> <span class='ocrx_word' id='word_1_207' title='bbox 775 4472 801 4513; x_wconf 89' lang='lat' dir='ltr'><strong>et</strong></span> <span class='ocrx_word' id='word_1_208' title='bbox 829 4460 874 4513; x_wconf 89' lang='lat' dir='ltr'><strong>alii</strong></span> 
     </span>
     <span class='ocr_line' id='line_1_40' title="bbox 327 4543 874 4613; baseline 0.016 -23"><span class='ocrx_word' id='word_1_209' title='bbox 327 4561 341 4591; x_wconf 88' lang='lat'>«</span> <span class='ocrx_word' id='word_1_210' title='bbox 352 4543 486 4613; x_wconf 88' lang='lat' dir='ltr'><strong>principes</strong></span> <span class='ocrx_word' id='word_1_211' title='bbox 497 4554 524 4596; x_wconf 93' lang='lat' dir='ltr'><strong>et</strong></span> <span class='ocrx_word' id='word_1_212' title='bbox 533 4544 655 4598; x_wconf 89' lang='lat' dir='ltr'><strong>civitates</strong></span> <span class='ocrx_word' id='word_1_213' title='bbox 664 4547 734 4598; x_wconf 88' lang='lat' dir='ltr'><strong>circa</strong></span> <span class='ocrx_word' id='word_1_214' title='bbox 742 4545 874 4600; x_wconf 90' lang='lat' dir='ltr'><strong>Sanctum</strong></span> 
     </span>
     <span class='ocr_line' id='line_1_41' title="bbox 327 4626 873 4683; baseline 0.015 -8"><span class='ocrx_word' id='word_1_215' title='bbox 327 4647 340 4675; x_wconf 71' lang='grc' dir='ltr'><em>α</em></span> <span class='ocrx_word' id='word_1_216' title='bbox 352 4626 517 4681; x_wconf 89' lang='lat' dir='ltr'><strong>Dionisium.</strong></span> <span class='ocrx_word' id='word_1_217' title='bbox 542 4627 601 4681; x_wconf 86' lang='lat' dir='ltr'><strong>Rex</strong></span> <span class='ocrx_word' id='word_1_218' title='bbox 611 4646 678 4683; x_wconf 87' lang='lat' dir='ltr'><strong>vero</strong></span> <span class='ocrx_word' id='word_1_219' title='bbox 689 4629 873 4683; x_wconf 89' lang='lat' dir='ltr'><strong>Boemitarurn</strong></span> 
     </span>
     <span class='ocr_line' id='line_1_42' title="bbox 327 4711 875 4784; baseline 0.015 -25"><span class='ocrx_word' id='word_1_220' title='bbox 327 4727 414 4763; x_wconf 88' lang='lat' dir='ltr'><strong>«cum</strong></span> <span class='ocrx_word' id='word_1_221' title='bbox 433 4711 501 4765; x_wconf 88' lang='lat' dir='ltr'><strong>duce</strong></span> <span class='ocrx_word' id='word_1_222' title='bbox 522 4721 548 4765; x_wconf 91' lang='lat' dir='ltr'><strong>et</strong></span> <span class='ocrx_word' id='word_1_223' title='bbox 572 4714 701 4784; x_wconf 88' lang='lat' dir='ltr'><strong>episcopo</strong></span> <span class='ocrx_word' id='word_1_224' title='bbox 726 4713 755 4766; x_wconf 90' lang='lat' dir='ltr'><strong>in</strong></span> <span class='ocrx_word' id='word_1_225' title='bbox 779 4730 875 4768; x_wconf 88' lang='lat' dir='ltr'><strong>mona·</strong></span> 
     </span>
    </p>
   </div>
   <div class='ocr_carea' id='block_1_9' title="bbox 1408 2395 1488 2461">
    <p class='ocr_par' dir='ltr' id='par_1_18' title="bbox 1408 2395 1488 2461">
     <span class='ocr_line' id='line_1_43' title="bbox 1408 2395 1488 2461; baseline -0.013 0"><span class='ocrx_word' id='word_1_226' title='bbox 1408 2395 1488 2461; x_wconf 87' lang='lat'>2280</span> 
     </span>
    </p>
   </div>
   <div class='ocr_carea' id='block_1_10' title="bbox 937 2776 1491 4784">
    <p class='ocr_par' dir='ltr' id='par_1_19' title="bbox 937 2776 1491 4784">
     <span class='ocr_line' id='line_1_44' title="bbox 942 2776 1490 2848; baseline 0.002 -20"><span class='ocrx_word' id='word_1_227' title='bbox 942 2778 1096 2832; x_wconf 79' lang='lat' dir='ltr'><strong>«toriasua</strong></span> <span class='ocrx_word' id='word_1_228' title='bbox 1110 2789 1290 2848; x_wconf 76' lang='lat' dir='ltr'><strong>posuerunt».</strong></span> <span class='ocrx_word' id='word_1_229' title='bbox 1310 2776 1368 2832; x_wconf 78' lang='lat' dir='ltr'><strong>Lib.</strong></span> <span class='ocrx_word' id='word_1_230' title='bbox 1388 2778 1453 2832; x_wconf 80' lang='lat' dir='ltr'><strong>trist.</strong></span> <span class='ocrx_word' id='word_1_231' title='bbox 1470 2783 1490 2830; x_wconf 81' lang='lat' dir='ltr'><strong>ct</strong></span> 
     </span>
     <span class='ocr_line' id='line_1_45' title="bbox 941 2857 1490 2931; baseline -0.002 -18"><span class='ocrx_word' id='word_1_232' title='bbox 941 2859 990 2913; x_wconf 80' lang='lat' dir='ltr'><strong>dol.</strong></span> <span class='ocrx_word' id='word_1_233' title='bbox 1010 2857 1069 2929; x_wconf 84' lang='lat'>365.</span> <span class='ocrx_word' id='word_1_234' title='bbox 1109 2858 1233 2914; x_wconf 76' lang='lat' dir='ltr'><strong>«Castra</strong></span> <span class='ocrx_word' id='word_1_235' title='bbox 1256 2870 1375 2914; x_wconf 76' lang='lat' dir='ltr'><strong>merenas</strong></span> <span class='ocrx_word' id='word_1_236' title='bbox 1403 2861 1490 2931; x_wconf 85' lang='lat' dir='ltr'><strong>itaque</strong></span> 
     </span>
     <span class='ocr_line' id='line_1_46' title="bbox 943 2941 1491 3015; baseline 0.002 -21"><span class='ocrx_word' id='word_1_237' title='bbox 943 2941 1043 2996; x_wconf 77' lang='lat' dir='ltr'><strong>«fuit...</strong></span> <span class='ocrx_word' id='word_1_238' title='bbox 1059 2942 1175 2996; x_wconf 90' lang='lat' dir='ltr'><strong>domnus</strong></span> <span class='ocrx_word' id='word_1_239' title='bbox 1194 2945 1342 3014; x_wconf 88' lang='lat' dir='ltr'><strong>imperator</strong></span> <span class='ocrx_word' id='word_1_240' title='bbox 1360 2943 1432 3015; x_wconf 87' lang='lat' dir='ltr'><strong>apud</strong></span> <span class='ocrx_word' id='word_1_241' title='bbox 1452 2958 1491 2995; x_wconf 93' lang='lat' dir='ltr'><strong>ec·</strong></span> 
     </span>
     <span class='ocr_line' id='line_1_47' title="bbox 943 3025 1490 3097; baseline 0.002 -21"><span class='ocrx_word' id='word_1_242' title='bbox 943 3025 1090 3092; x_wconf 68' lang='lat' dir='ltr'><strong>eclesiam,</strong></span> <span class='ocrx_word' id='word_1_243' title='bbox 1100 3042 1152 3097; x_wconf 92' lang='lat' dir='ltr'><strong>que</strong></span> <span class='ocrx_word' id='word_1_244' title='bbox 1168 3025 1264 3081; x_wconf 87' lang='lat' dir='ltr'><strong>dicitur</strong></span> <span class='ocrx_word' id='word_1_245' title='bbox 1278 3042 1377 3081; x_wconf 91' lang='lat' dir='ltr'><strong>omnes</strong></span> <span class='ocrx_word' id='word_1_246' title='bbox 1390 3026 1490 3090; x_wconf 80' lang='lat' dir='ltr'><strong>Sancti,</strong></span> 
     </span>
     <span class='ocr_line' id='line_1_48' title="bbox 943 3109 1491 3183; baseline 0.007 -24"><span class='ocrx_word' id='word_1_247' title='bbox 943 3126 1020 3180; x_wconf 80' lang='lat' dir='ltr'><strong>«que</strong></span> <span class='ocrx_word' id='word_1_248' title='bbox 1040 3120 1080 3163; x_wconf 88' lang='lat' dir='ltr'><strong>est</strong></span> <span class='ocrx_word' id='word_1_249' title='bbox 1099 3109 1215 3164; x_wconf 88' lang='lat' dir='ltr'><strong>ecclesia</strong></span> <span class='ocrx_word' id='word_1_250' title='bbox 1237 3109 1358 3183; x_wconf 88' lang='lat' dir='ltr'><strong>Templi,</strong></span> <span class='ocrx_word' id='word_1_251' title='bbox 1378 3121 1405 3165; x_wconf 88' lang='lat' dir='ltr'><strong>et</strong></span> <span class='ocrx_word' id='word_1_252' title='bbox 1421 3123 1491 3165; x_wconf 84' lang='lat' dir='ltr'><strong>extat</strong></span> 
     </span>
     <span class='ocr_line' id='line_1_49' title="bbox 944 3194 1490 3266; baseline 0.005 -21"><span class='ocrx_word' id='word_1_253' title='bbox 944 3197 1026 3264; x_wconf 73' lang='lat' dir='ltr'><strong>«ipsa</strong></span> <span class='ocrx_word' id='word_1_254' title='bbox 1045 3194 1158 3248; x_wconf 84' lang='lat' dir='ltr'><strong>ecclesia</strong></span> <span class='ocrx_word' id='word_1_255' title='bbox 1174 3197 1201 3249; x_wconf 90' lang='lat' dir='ltr'><strong>in</strong></span> <span class='ocrx_word' id='word_1_256' title='bbox 1221 3196 1308 3266; x_wconf 85' lang='lat' dir='ltr'><strong>capite</strong></span> <span class='ocrx_word' id='word_1_257' title='bbox 1327 3194 1408 3250; x_wconf 88' lang='lat' dir='ltr'><strong>brolii</strong></span> <span class='ocrx_word' id='word_1_258' title='bbox 1423 3198 1490 3250; x_wconf 89' lang='lat' dir='ltr'><strong>iusta</strong></span> 
     </span>
     <span class='ocr_line' id='line_1_50' title="bbox 943 3278 1491 3350; baseline 0.009 -21"><span class='ocrx_word' id='word_1_259' title='bbox 943 3280 1057 3350; x_wconf 84' lang='lat' dir='ltr'><strong>«ipsum</strong></span> <span class='ocrx_word' id='word_1_260' title='bbox 1081 3278 1207 3334; x_wconf 87' lang='lat' dir='ltr'><strong>brolium.</strong></span> <span class='ocrx_word' id='word_1_261' title='bbox 1252 3279 1311 3334; x_wconf 88' lang='lat' dir='ltr'><strong>Rex</strong></span> <span class='ocrx_word' id='word_1_262' title='bbox 1335 3296 1403 3334; x_wconf 87' lang='lat' dir='ltr'><strong>vero</strong></span> <span class='ocrx_word' id='word_1_263' title='bbox 1426 3280 1491 3334; x_wconf 78' lang='lat' dir='ltr'><strong>Boe</strong></span> 
     </span>
     <span class='ocr_line' id='line_1_51' title="bbox 943 3363 1490 3419; baseline 0.009 -5"><span class='ocrx_word' id='word_1_264' title='bbox 943 3364 1021 3416; x_wconf 78' lang='lat' dir='ltr'><strong>«mie</strong></span> <span class='ocrx_word' id='word_1_265' title='bbox 1054 3364 1124 3416; x_wconf 89' lang='lat' dir='ltr'><strong>intra</strong></span> <span class='ocrx_word' id='word_1_266' title='bbox 1162 3363 1359 3419; x_wconf 88' lang='lat' dir='ltr'><strong>monasterium</strong></span> <span class='ocrx_word' id='word_1_267' title='bbox 1397 3364 1490 3419; x_wconf 87' lang='lat' dir='ltr'><strong>Sancti</strong></span> 
     </span>
     <span class='ocr_line' id='line_1_52' title="bbox 942 3446 1491 3519; baseline 0.009 -20"><span class='ocrx_word' id='word_1_268' title='bbox 942 3446 1095 3519; x_wconf 83' lang='lat' dir='ltr'><strong>«Dyonisii</strong></span> <span class='ocrx_word' id='word_1_269' title='bbox 1119 3447 1269 3518; x_wconf 87' lang='lat' dir='ltr'><strong>hospitatus</strong></span> <span class='ocrx_word' id='word_1_270' title='bbox 1295 3459 1343 3503; x_wconf 82' lang='lat' dir='ltr'><strong>est</strong></span> <span class='ocrx_word' id='word_1_271' title='bbox 1398 3448 1491 3504; x_wconf 85' lang='lat' dir='ltr'><strong>Ceteri</strong></span> 
     </span>
     <span class='ocr_line' id='line_1_53' title="bbox 942 3532 1491 3605; baseline 0.009 -23"><span class='ocrx_word' id='word_1_272' title='bbox 942 3543 1068 3597; x_wconf 87' lang='lat' dir='ltr'><strong>«autem,</strong></span> <span class='ocrx_word' id='word_1_273' title='bbox 1089 3532 1223 3604; x_wconf 87' lang='lat' dir='ltr'><strong>principes</strong></span> <span class='ocrx_word' id='word_1_274' title='bbox 1246 3533 1278 3586; x_wconf 90' lang='lat' dir='ltr'><strong>ab</strong></span> <span class='ocrx_word' id='word_1_275' title='bbox 1303 3534 1364 3605; x_wconf 91' lang='lat' dir='ltr'><strong>ipso</strong></span> <span class='ocrx_word' id='word_1_276' title='bbox 1389 3532 1491 3587; x_wconf 87' lang='lat' dir='ltr'><strong>Sancto</strong></span> 
     </span>
     <span class='ocr_line' id='line_1_54' title="bbox 941 3615 1486 3689; baseline 0.009 -23"><span class='ocrx_word' id='word_1_277' title='bbox 941 3637 956 3666; x_wconf 79' lang='lat' dir='ltr'><strong>u</strong></span> <span class='ocrx_word' id='word_1_278' title='bbox 965 3615 1102 3687; x_wconf 90' lang='lat' dir='ltr'><strong>Dyonisio</strong></span> <span class='ocrx_word' id='word_1_279' title='bbox 1113 3634 1197 3689; x_wconf 86' lang='lat' dir='ltr'><strong>usqne</strong></span> <span class='ocrx_word' id='word_1_280' title='bbox 1214 3618 1247 3671; x_wconf 90' lang='lat' dir='ltr'><strong>ad</strong></span> <span class='ocrx_word' id='word_1_281' title='bbox 1260 3616 1409 3688; x_wconf 88' lang='lat' dir='ltr'><strong>pusterlam</strong></span> <span class='ocrx_word' id='word_1_282' title='bbox 1422 3617 1486 3671; x_wconf 90' lang='lat' dir='ltr'><strong>San·</strong></span> 
     </span>
     <span class='ocr_line' id='line_1_55' title="bbox 941 3698 1490 3755; baseline 0.007 -5"><span class='ocrx_word' id='word_1_283' title='bbox 941 3720 955 3749; x_wconf 77' lang='lat' dir='ltr'><strong>u</strong></span> <span class='ocrx_word' id='word_1_284' title='bbox 967 3711 1008 3752; x_wconf 83' lang='lat' dir='ltr'><strong>cte</strong></span> <span class='ocrx_word' id='word_1_285' title='bbox 1022 3698 1146 3754; x_wconf 88' lang='lat' dir='ltr'><strong>Eufemie</strong></span> <span class='ocrx_word' id='word_1_286' title='bbox 1159 3703 1227 3755; x_wconf 86' lang='lat' dir='ltr'><strong>iusta</strong></span> <span class='ocrx_word' id='word_1_287' title='bbox 1241 3700 1427 3755; x_wconf 87' lang='lat' dir='ltr'><strong>Mediolanum</strong></span> <span class='ocrx_word' id='word_1_288' title='bbox 1440 3700 1490 3754; x_wconf 94' lang='lat' dir='ltr'><strong>ho·</strong></span> 
     </span>
     <span class='ocr_line' id='line_1_56' title="bbox 942 3784 1489 3855; baseline 0.009 -20"><span class='ocrx_word' id='word_1_289' title='bbox 942 3785 1056 3855; x_wconf 72' lang='lat' dir='ltr'><strong>ospitati</strong></span> <span class='ocrx_word' id='word_1_290' title='bbox 1071 3797 1133 3839; x_wconf 87' lang='lat' dir='ltr'><strong>sunt</strong></span> <span class='ocrx_word' id='word_1_291' title='bbox 1142 3805 1166 3840; x_wconf 83' lang='lat' dir='ltr'><strong>n.</strong></span> <span class='ocrx_word' id='word_1_292' title='bbox 1184 3784 1368 3851; x_wconf 76' lang='lat' dir='ltr'><strong>O.M01tenn,</strong></span> <span class='ocrx_word' id='word_1_293' title='bbox 1383 3786 1424 3839; x_wconf 79' lang='lat' dir='ltr'><strong>De</strong></span> <span class='ocrx_word' id='word_1_294' title='bbox 1439 3788 1489 3840; x_wconf 75' lang='lat' dir='ltr'><strong>reb.</strong></span> 
     </span>
     <span class='ocr_line' id='line_1_57' title="bbox 940 3868 1489 3942; baseline 0.005 -21"><span class='ocrx_word' id='word_1_295' title='bbox 940 3869 1019 3924; x_wconf 47' lang='lat' dir='ltr'><strong>[raud.</strong></span> <span class='ocrx_word' id='word_1_296' title='bbox 1045 3868 1105 3940; x_wconf 88' lang='lat'>605.</span> <span class='ocrx_word' id='word_1_297' title='bbox 1161 3868 1366 3942; x_wconf 72' lang='lat' dir='ltr'><strong>«Imperator...</strong></span> <span class='ocrx_word' id='word_1_298' title='bbox 1395 3887 1489 3924; x_wconf 88' lang='lat' dir='ltr'><strong>coram</strong></span> 
     </span>
     <span class='ocr_line' id='line_1_58' title="bbox 941 3951 1490 4024; baseline 0.009 -22"><span class='ocrx_word' id='word_1_299' title='bbox 941 3965 1041 4024; x_wconf 89' lang='lat' dir='ltr'><strong>«porta</strong></span> <span class='ocrx_word' id='word_1_300' title='bbox 1057 3953 1184 4007; x_wconf 89' lang='lat' dir='ltr'><strong>Romana</strong></span> <span class='ocrx_word' id='word_1_301' title='bbox 1199 3970 1247 4007; x_wconf 89' lang='lat' dir='ltr'><strong>sua</strong></span> <span class='ocrx_word' id='word_1_302' title='bbox 1265 3951 1329 4007; x_wconf 80' lang='lat' dir='ltr'><strong>fecit</strong></span> <span class='ocrx_word' id='word_1_303' title='bbox 1347 3952 1421 4024; x_wconf 87' lang='lat' dir='ltr'><strong>cingi</strong></span> <span class='ocrx_word' id='word_1_304' title='bbox 1434 3967 1490 4008; x_wconf 85' lang='lat' dir='ltr'><strong>ten·</strong></span> 
     </span>
     <span class='ocr_line' id='line_1_59' title="bbox 939 4037 1488 4093; baseline 0.007 -6"><span class='ocrx_word' id='word_1_305' title='bbox 939 4039 1067 4092; x_wconf 78' lang='lat' dir='ltr'><strong>«toria».</strong></span> <span class='ocrx_word' id='word_1_306' title='bbox 1087 4038 1194 4092; x_wconf 84' lang='lat' dir='ltr'><strong>Buncu.</strong></span> <span class='ocrx_word' id='word_1_307' title='bbox 1217 4048 1245 4091; x_wconf 95' lang='lat' dir='ltr'><strong>et</strong></span> <span class='ocrx_word' id='word_1_308' title='bbox 1269 4037 1382 4093; x_wconf 82' lang='lat' dir='ltr'><strong>Cuoun.</strong></span> <span class='ocrx_word' id='word_1_309' title='bbox 1402 4038 1488 4092; x_wconf 74' lang='lat' dir='ltr'><strong>Unse.</strong></span> 
     </span>
     <span class='ocr_line' id='line_1_60' title="bbox 938 4121 1488 4194; baseline 0 -18"><span class='ocrx_word' id='word_1_310' title='bbox 938 4121 1032 4176; x_wconf 82' lang='lat' dir='ltr'><strong>Chron.</strong></span> <span class='ocrx_word' id='word_1_311' title='bbox 1044 4124 1085 4177; x_wconf 86' lang='lat'><strong>28.</strong></span> <span class='ocrx_word' id='word_1_312' title='bbox 1125 4123 1300 4194; x_wconf 77' lang='lat' dir='ltr'><strong>«Imperator</strong></span> <span class='ocrx_word' id='word_1_313' title='bbox 1308 4122 1488 4178; x_wconf 75' lang='lat' dir='ltr'><strong>Pedericus,...</strong></span> 
     </span>
     <span class='ocr_line' id='line_1_61' title="bbox 939 4207 1488 4278; baseline 0.007 -21"><span class='ocrx_word' id='word_1_314' title='bbox 939 4207 1053 4278; x_wconf 76' lang='lat' dir='ltr'><strong>«posuit</strong></span> <span class='ocrx_word' id='word_1_315' title='bbox 1068 4207 1166 4261; x_wconf 85' lang='lat' dir='ltr'><strong>vexilla</strong></span> <span class='ocrx_word' id='word_1_316' title='bbox 1181 4225 1230 4262; x_wconf 85' lang='lat' dir='ltr'><strong>sua</strong></span> <span class='ocrx_word' id='word_1_317' title='bbox 1246 4218 1273 4261; x_wconf 91' lang='lat' dir='ltr'><strong>et</strong></span> <span class='ocrx_word' id='word_1_318' title='bbox 1288 4219 1375 4262; x_wconf 88' lang='lat' dir='ltr'><strong>castra</strong></span> <span class='ocrx_word' id='word_1_319' title='bbox 1390 4209 1416 4260; x_wconf 91' lang='lat' dir='ltr'><strong>in</strong></span> <span class='ocrx_word' id='word_1_320' title='bbox 1430 4208 1488 4261; x_wconf 94' lang='lat' dir='ltr'><strong>bro·</strong></span> 
     </span>
     <span class='ocr_line' id='line_1_62' title="bbox 939 4291 1487 4348; baseline 0.004 -5"><span class='ocrx_word' id='word_1_321' title='bbox 939 4313 953 4343; x_wconf 77' lang='lat' dir='ltr'><strong>a</strong></span> <span class='ocrx_word' id='word_1_322' title='bbox 964 4292 1001 4346; x_wconf 87' lang='lat' dir='ltr'><strong>lio</strong></span> <span class='ocrx_word' id='word_1_323' title='bbox 1016 4292 1166 4346; x_wconf 84' lang='lat' dir='ltr'><strong>Mediolani</strong></span> <span class='ocrx_word' id='word_1_324' title='bbox 1175 4314 1200 4348; x_wconf 76' lang='lat' dir='ltr'><strong>u.</strong></span> <span class='ocrx_word' id='word_1_325' title='bbox 1211 4293 1304 4348; x_wconf 72' lang='lat' dir='ltr'><strong>Amal.</strong></span> <span class='ocrx_word' id='word_1_326' title='bbox 1315 4291 1416 4347; x_wconf 75' lang='lat' dir='ltr'><strong>Mediol.</strong></span> <span class='ocrx_word' id='word_1_327' title='bbox 1427 4295 1487 4346; x_wconf 86' lang='lat' dir='ltr'><strong>min.</strong></span> 
     </span>
     <span class='ocr_line' id='line_1_63' title="bbox 940 4379 1489 4447; baseline 0.005 -19"><span class='ocrx_word' id='word_1_328' title='bbox 940 4392 997 4447; x_wconf 82' lang='lat'><strong>394.</strong></span> <span class='ocrx_word' id='word_1_329' title='bbox 1036 4379 1132 4433; x_wconf 71' lang='lat' dir='ltr'><strong>«Iusta</strong></span> <span class='ocrx_word' id='word_1_330' title='bbox 1152 4397 1246 4434; x_wconf 87' lang='lat' dir='ltr'><strong>arcum</strong></span> <span class='ocrx_word' id='word_1_331' title='bbox 1263 4379 1421 4433; x_wconf 90' lang='lat' dir='ltr'><strong>Romanum</strong></span> <span class='ocrx_word' id='word_1_332' title='bbox 1440 4381 1489 4432; x_wconf 91' lang='lat' dir='ltr'><strong>im·</strong></span> 
     </span>
     <span class='ocr_line' id='line_1_64' title="bbox 940 4462 1488 4535; baseline 0.005 -21"><span class='ocrx_word' id='word_1_333' title='bbox 940 4473 1072 4533; x_wconf 89' lang='lat' dir='ltr'><strong>«perator</strong></span> <span class='ocrx_word' id='word_1_334' title='bbox 1091 4464 1208 4517; x_wconf 88' lang='lat' dir='ltr'><strong>tentoria</strong></span> <span class='ocrx_word' id='word_1_335' title='bbox 1230 4463 1354 4535; x_wconf 77' lang='lat' dir='ltr'><strong>posuit».</strong></span> <span class='ocrx_word' id='word_1_336' title='bbox 1380 4462 1488 4517; x_wconf 76' lang='lat' dir='ltr'><strong>Caram</strong></span> 
     </span>
     <span class='ocr_line' id='line_1_65' title="bbox 938 4546 1488 4621; baseline 0 -20"><span class='ocrx_word' id='word_1_337' title='bbox 938 4547 1032 4601; x_wconf 80' lang='lat' dir='ltr'><strong>Annul.</strong></span> <span class='ocrx_word' id='word_1_338' title='bbox 1053 4546 1095 4602; x_wconf 87' lang='lat'><strong>26.</strong></span> <span class='ocrx_word' id='word_1_339' title='bbox 1143 4548 1214 4603; x_wconf 85' lang='lat' dir='ltr'><strong>Altri</strong></span> <span class='ocrx_word' id='word_1_340' title='bbox 1243 4547 1399 4621; x_wconf 84' lang='lat' dir='ltr'><strong>particulari</strong></span> <span class='ocrx_word' id='word_1_341' title='bbox 1425 4564 1488 4617; x_wconf 90' lang='lat' dir='ltr'><strong>pos-</strong></span> 
     </span>
     <span class='ocr_line' id='line_1_66' title="bbox 937 4632 1487 4689; baseline -0.002 -3"><span class='ocrx_word' id='word_1_342' title='bbox 937 4649 1007 4686; x_wconf 90' lang='lat' dir='ltr'><strong>sono</strong></span> <span class='ocrx_word' id='word_1_343' title='bbox 1026 4633 1132 4687; x_wconf 86' lang='lat' dir='ltr'><strong>vedersi</strong></span> <span class='ocrx_word' id='word_1_344' title='bbox 1156 4635 1184 4687; x_wconf 90' lang='lat' dir='ltr'><strong>iu</strong></span> <span class='ocrx_word' id='word_1_345' title='bbox 1209 4633 1291 4689; x_wconf 82' lang='lat' dir='ltr'><strong>Vruc.</strong></span> <span class='ocrx_word' id='word_1_346' title='bbox 1316 4632 1405 4688; x_wconf 73' lang='lat' dir='ltr'><strong>Pano·</strong></span> <span class='ocrx_word' id='word_1_347' title='bbox 1432 4634 1487 4687; x_wconf 80' lang='lat' dir='ltr'><strong>An-</strong></span> 
     </span>
     <span class='ocr_line' id='line_1_67' title="bbox 938 4712 1066 4784; baseline 0.016 -17"><span class='ocrx_word' id='word_1_348' title='bbox 938 4715 989 4769; x_wconf 84' lang='lat' dir='ltr'><strong>nal.</strong></span> <span class='ocrx_word' id='word_1_349' title='bbox 1004 4712 1066 4784; x_wconf 87' lang='lat'>672.</span> 
     </span>
    </p>
   </div>
   <div class='ocr_carea' id='block_1_11' title="bbox 327 4795 1384 4868">
    <p class='ocr_par' dir='ltr' id='par_1_20' title="bbox 327 4795 1384 4868">
     <span class='ocr_line' id='line_1_68' title="bbox 327 4795 1384 4868; baseline 0.006 -21"><span class='ocrx_word' id='word_1_350' title='bbox 327 4797 433 4848; x_wconf 84' lang='lat' dir='ltr'><strong>«sterio</strong></span> <span class='ocrx_word' id='word_1_351' title='bbox 447 4796 538 4850; x_wconf 88' lang='lat' dir='ltr'><strong>Sancti</strong></span> <span class='ocrx_word' id='word_1_352' title='bbox 555 4795 672 4850; x_wconf 89' lang='lat' dir='ltr'><strong>Dionisii</strong></span> <span class='ocrx_word' id='word_1_353' title='bbox 688 4808 715 4851; x_wconf 91' lang='lat' dir='ltr'><strong>et</strong></span> <span class='ocrx_word' id='word_1_354' title='bbox 730 4797 801 4852; x_wconf 88' lang='lat' dir='ltr'><strong>circa</strong></span> <span class='ocrx_word' id='word_1_355' title='bbox 818 4810 875 4852; x_wconf 92' lang='lat' dir='ltr'><strong>ten·</strong></span> <span class='ocrx_word' id='word_1_356' title='bbox 902 4799 979 4868; x_wconf 89' lang='lat'><strong>2276.</strong></span> <span class='ocrx_word' id='word_1_357' title='bbox 995 4799 1038 4855; x_wconf 83' lang='lat' dir='ltr'><strong>cf.</strong></span> <span class='ocrx_word' id='word_1_358' title='bbox 1055 4801 1141 4854; x_wconf 74' lang='lat' dir='ltr'><strong>Srtr.</strong></span> <span class='ocrx_word' id='word_1_359' title='bbox 1162 4801 1236 4857; x_wconf 69' lang='lat' dir='ltr'><strong>net.</strong></span> <span class='ocrx_word' id='word_1_360' title='bbox 1248 4800 1309 4867; x_wconf 90' lang='lat' dir='ltr'><strong>VII,</strong></span> <span class='ocrx_word' id='word_1_361' title='bbox 1324 4800 1384 4855; x_wconf 86' lang='grc'><strong>628.</strong></span> 
     </span>
    </p>
   </div>
   <div class='ocr_carea' id='block_1_12' title="bbox 0 0 1654 5796">
    <p class='ocr_par' dir='ltr' id='par_1_21' title="bbox 0 0 1654 5796">
     <span class='ocr_line' id='line_1_69' title="bbox 0 0 1654 5796; baseline 0 2"><span class='ocrx_word' id='word_1_362' title='bbox 0 0 1654 5796; x_wconf 95' lang='lat' dir='ltr'><strong> </strong></span> 
     </span>
    </p>
   </div>
  </div>
 </body>
</html>
