3300 5796
462 471 586 529 GESTA
613 472 652 527 Dl
679 472 867 530 FEDERICO
896 473 916 528 l.

232 720 359 788 «Nunc
377 744 505 812 quoque
524 720 669 790 diuinum
689 720 821 805 dabitur,
842 721 1001 806 confidite,
1022 722 1124 806 uobis,

233 864 249 901 (ι
261 837 442 919 Auxilium
461 836 529 907 dun'
548 839 765 927 contempnite
784 839 869 906 iussa
887 840 1052 929 minasque

233 952 415 1043 «Principis
434 971 466 1021 et
483 952 576 1021 firma
594 955 727 1042 patriam
746 952 905 1022 defendite
923 972 1041 1037 mente,

233 1096 249 1133 n
260 1071 332 1138 Nec
349 1069 442 1137 sinite
460 1069 523 1137 hoc
542 1087 690 1152 castrum
708 1068 796 1159 quod
814 1070 939 1159 magnis
958 1068 1043 1137 fama
1062 1088 1196 1158 coequat

234 1211 250 1248 «
262 1183 412 1266 Vrbibus,
431 1185 540 1268 euerti,
559 1185 617 1252 nisi
636 1184 708 1252 fuso
728 1186 883 1274 sanguine
903 1184 1004 1252 multo
1016 1211 1047 1250 n.

230 1301 290 1368 His
309 1301 391 1367 moti
408 1300 554 1383 stimulis,
571 1300 688 1389 regalia
706 1302 790 1369 iussa
809 1301 1002 1370 Cremenses

231 1414 415 1484 Obseruare
433 1435 553 1505 negant
570 1414 686 1506 pauidi,
706 1408 902 1507 uadibusque
920 1416 1048 1499 relictis,

231 1529 326 1611 Quos
344 1532 413 1622 regi
431 1531 592 1615 dederant,
612 1534 730 1600 sotiant
748 1557 782 1601 se
802 1533 998 1616 Mediolan0‚

230 1649 270 1715 Et
287 1646 369 1716 fiunt
391 1650 516 1738 pariter,
535 1667 683 1737 corrupta
700 1671 788 1738 pace,
805 1648 947 1717 rebelles.

231 1763 317 1830 Hinc
336 1788 370 1832 se
388 1763 539 1832 sublimes
558 1763 653 1831 fallax
672 1764 742 1831 Dea
760 1764 844 1833 tollit
861 1765 893 1832 in
913 1786 1003 1832 auras

232 1880 334 1969 Inque
352 1899 426 1948 tuos
444 1879 542 1949 fertur
559 1899 772 1970 properanter,
792 1880 907 1962 Brixia,
925 1878 1015 1947 fines.

232 1994 392 2062 Illuciam
411 1994 520 2085 populi
538 1994 661 2084 legatus
681 1993 856 2062 Mediolani

224 2113 371 2179 'Venerat
390 2129 421 2178 et
439 2112 523 2179 ciues
543 2109 745 2179 exortabatur
763 2111 885 2178 amicos

230 2226 336 2294 Fedus
355 2226 432 2294 inire
448 2249 572 2296 nouum
591 2245 623 2294 et
640 2249 750 2294 secum
769 2227 963 2314 coniungere
980 2225 1116 2294 dextras.

231 2342 316 2429 Ergo
335 2341 448 2408 uidens
467 2359 593 2430 tempus
611 2365 645 2409 se
664 2359 788 2408 nactam
808 2340 926 2429 gaudet
944 2341 1049 2423 erinis,

231 2457 271 2523 Et
289 2456 394 2525 subito
411 2474 539 2524 mutans
558 2456 703 2525 habitum
722 2455 888 2524 titubantia
906 2454 997 2524 dictis

232 2571 340 2638 Corda
358 2571 463 2639 uirum
482 2570 588 2641 firmat
607 2571 741 2662 bellique
759 2572 902 2640 immittit
917 2594 1073 2640 amorem.

238 2687 384 2755 «Gens»
408 2689 450 2754 ait
472 2713 488 2751 n
500 2687 640 2755 illustris!
660 2689 687 2754 si
706 2689 753 2756 uis
773 2706 826 2755 tua
845 2688 912 2755 iura
930 2688 1011 2755 tueri

237 2829 253 2866 n
266 2804 307 2870 Et
324 2802 458 2870 retinere
477 2800 574 2870 decus
593 2801 833 2892 libertatemque
848 2822 1023 2891 paternam,

239 2917 319 2985 «Ne
338 2915 461 2985 dubites
478 2918 594 2984 sotiam
612 2936 643 2985 te
662 2919 794 3008 iungere
815 2917 1001 2984 Mediolano

236 3059 252 3094 (ι
265 3030 415 3121 Fedaque
434 3032 607 3101 Teutonici
627 3032 806 3121 dirumpere
824 3050 915 3121 pacta
935 3032 1061 3099 tiranni.

236 3148 351 3216 «Nam
369 3148 439 3235 quis
458 3149 517 3215 erit
535 3147 671 3237 populus
689 3148 748 3216 sub
767 3146 820 3215 tali
839 3148 978 3236 principe
997 3145 1102 3214 liber?

238 3286 254 3324 n
266 3263 332 3328 Aut
350 3261 419 3350 quis
439 3260 518 3329 ferre
537 3262 651 3350 iugum
668 3263 785 3350 poterit
804 3260 933 3328 ditionis
952 3259 1082 3348 inique?

236 3377 381 3465 «Accipe
399 3376 502 3466 daque
520 3375 629 3459 fidem,
649 3378 768 3445 sotium
787 3376 844 3458 fer,
863 3400 955 3444 sume
975 3376 1138 3457 iuuamen,

101 3496 187 3578 2760
237 3492 370 3560 «Fedus
390 3493 434 3560 ini
453 3493 615 3581 placitum,
629 3491 863 3581 dominumque
881 3491 997 3581 repelle
1016 3489 1199 3580 superbum.

152 3723 218 3771 ²7⁵²·
233 3713 289 3759 cod.
304 3711 379 3758 imittit

137 3913 305 3969 Buncunruu
325 3925 353 3969 et
372 3914 527 3970 cromam
544 3914 685 3970 Unsrsno.
745 3930 850 3984 «super
867 3914 941 3984 ipsos
959 3910 1065 3982 legatos
1083 3909 1186 3966 sortiter
1210 3912 1294 3966 irrue·

139 3996 284 4067 Chron36.
745 4009 857 4053 «runt...
867 4017 891 4053 s,
903 3997 939 4053 O.
951 3997 1085 4064 Monam,
1095 3997 1135 4051 Dc
1150 3997 1200 4051 rab.
1211 3995 1292 4049 Laud.

29 4128 31 4131 ,
103 4093 180 4149 2744.
196 4080 326 4135 «Eodem
337 4097 432 4136 mense
443 4082 558 4135 Ianuarii
569 4082 686 4134 domnus
744 4080 805 4137 608.
826 4079 979 4134 «Mulieres
998 4095 1109 4151 quoque
1128 4079 1208 4133 castri
1226 4078 1293 4134 cho-

139 4164 311 4233 «imperator
326 4164 433 4235 legatos
452 4181 516 4218 suos
532 4166 604 4218 misit
623 4164 688 4219 Cre·
746 4181 816 4219 «ros
825 4165 956 4218 ducentes
965 4180 1013 4236 per
1021 4161 1125 4235 plateas
1135 4164 1293 4216 cantionem

139 4264 247 4315 «marn,
266 4251 312 4320 qui
334 4266 367 4304 ex
388 4260 463 4321 parte
485 4267 534 4304 sua
556 4249 688 4305 Cremen·
745 4250 956 4315 «decantarunt,
976 4249 1004 4302 in
1023 4265 1076 4320 qua
1095 4247 1293 4311 continebatur,

139 4331 238 4385 usibus
261 4334 445 4404 preciperent,
472 4344 606 4406 quatenus
630 4351 688 4388 mu·
746 4335 844 4406 nquod
860 4335 929 4388 sicut
950 4331 1017 4387 olim
1038 4331 1193 4397 Lotharius‚
1211 4331 1250 4386 sic
1266 4343 1293 4385 et

139 4431 209 4469 cros
224 4426 251 4469 et
268 4414 369 4470 fossata
387 4419 467 4471 castri
483 4416 583 4471 Creme
602 4417 635 4471 ab
655 4434 687 4471 ea
746 4420 919 4491 «imperator
945 4418 1072 4472 recedere
1098 4427 1238 4488 cogeretur
1255 4417 1293 4470 in-

139 4499 207 4553 edie
220 4516 305 4572 usque
321 4501 353 4554 ad
369 4512 492 4556 sanctam
507 4500 687 4573 Mariamque
747 4500 874 4573 «glorius
884 4520 908 4553 n.
923 4500 1091 4554 Buncrrrnor
1100 4510 1126 4553 et
1136 4500 1293 4554 Cuounror

139 4583 261 4638 «dicitur
284 4584 391 4638 Cirialis
418 4586 593 4641 destruerent
631 4586 686 4657 Ipsi
746 4586 830 4641 Ursa.
845 4585 939 4641 Chron.
957 4584 997 4655 36.

140 4685 230 4724 evero
249 4668 413 4724 Cremenses
434 4670 488 4725 hoc
507 4671 647 4726 audientes
660 4682 687 4725 et
710 4685 788 4741 2745.
800 4670 891 4724 Vane.
904 4671 968 4725 Am.
981 4669 1029 4736 XI,
1043 4684 1104 4737 455.

140 4753 192 4806 «in
211 4753 362 4807 marimum
381 4753 498 4808 dedecus
514 4755 688 4825 accipientes,
710 4768 788 4824 2749.
800 4752 890 4807 Varo.
903 4753 967 4807 Aen.
983 4751 1005 4818 1,
1021 4765 1079 4819 5¹4·
