3300 5796
580 453 706 510 GESTA
733 454 773 508 DI
801 453 990 509 FEDERICO
1019 454 1039 508 1.

216 585 453 597 -----

345 706 385 773 Et
404 729 438 773 se
456 706 612 772 uictorem
631 703 695 771 leto
714 703 853 770 clamore
872 702 995 770 fatetur.

213 843 274 908 332
279 844 295 908 5
344 821 464 889 Sternit
481 819 598 909 ubique
616 819 702 887 uiros
722 820 855 886 miseros
874 840 989 885 manus
1009 816 1105 885 ardua
1123 817 1224 905 regis;

347 938 427 1004 Ecce
446 953 554 1003 autem
572 936 677 1002 socios
696 933 820 1002 diuersa
838 951 925 1023 parte
940 932 1068 1022 fugatos

346 1052 470 1140 Accipit
488 1050 637 1119 infractos
657 1048 750 1131 bello,
772 1073 848 1117 nam
867 1048 947 1116 silua
966 1048 1090 1136 locique

213 1269 280 1304 verto
292 1263 415 1314 oegioeure,
428 1258 458 1302 ed
465 1257 606 1315 &probabile
614 1258 656 1302 elte
662 1257 743 1314 primo
752 1258 907 1302 sortasse'cori
922 1257 941 1300 il
953 1270 973 1302 v.
990 1268 1003 1316 3
1007 1268 1063 1316 323:
1079 1257 1141 1300 More
1150 1254 1220 1313 ipsum
1230 1263 1253 1300 et
1262 1255 1322 1300 duro
1331 1255 1406 1301 diver-

212 1339 274 1384 berat
286 1351 341 1383 ense
354 1337 494 1396 quadrigona.

248 1560 263 1591 u
273 1541 411 1606 nensium,
425 1556 474 1593 eos
490 1539 604 1609 impulit,
620 1552 646 1593 et
665 1555 796 1610 magnam

248 1627 397 1696 «ipsorum
427 1622 547 1694 peditum
583 1625 717 1695 copiam...
757 1625 797 1677 in-

247 1708 387 1775 «terfecit,
412 1718 439 1762 et
462 1708 545 1763 boves
569 1711 652 1779 ipsius
679 1707 797 1763 carozoli

247 1794 374 1848 «occidit
399 1792 542 1864 ipsumque
571 1793 728 1847 carozolum
757 1795 796 1846 in-

248 1879 363 1933 «cidit...
372 1898 396 1932 u.
410 1877 446 1932 O.
459 1877 585 1932 Moruni
594 1878 634 1933 De
648 1880 699 1933 reb.
716 1877 796 1933 Laud.

246 1963 308 2018 626.

215 2061 290 2117 3324.
302 2047 326 2099 A
342 2046 445 2116 meglio
458 2046 597 2101 intendere
609 2048 698 2118 questi
710 2046 796 2100 ultimi

246 2132 319 2184 versi
330 2140 406 2184 tanto
419 2133 508 2201 guasti
516 2129 562 2184 nel
574 2148 624 2186 ms.
635 2132 671 2184 do
683 2131 702 2184 il
717 2147 797 2200 passo

248 2210 468 2285 corrispondente
488 2213 532 2267 del
550 2214 606 2269 Lib.
627 2216 690 2268 trist.
708 2221 731 2267 et
749 2213 797 2268 dol.

249 2298 288 2368 (p.
310 2296 422 2367 370-1):
459 2316 474 2347 r
485 2297 560 2351 Dum
580 2308 671 2351 autem
686 2299 725 2350 sic
741 2314 798 2351 cer·

248 2393 362 2435 «tarent
384 2392 411 2435 et
431 2380 563 2452 populum
585 2384 743 2452 gravissime
768 2398 798 2436 o·

249 2485 264 2515 α
275 2467 431 2535 primerent,
447 2468 593 2536 imperator
606 2467 755 2520 ascendens
771 2468 797 2520 in

248 2550 394 2621 «quodam
419 2552 502 2621 podio
526 2568 587 2606 curn
605 2552 730 2606 Guidone
755 2568 799 2605 co·

249 2650 264 2681 «r
277 2633 343 2686 mite
370 2632 403 2686 de
432 2632 558 2687 lomello
586 2644 612 2687 et
640 2634 798 2688 marchione

250 2717 308 2772 «de
340 2717 523 2772 Monteferato
554 2732 581 2773 et
611 2736 674 2773 cum
706 2719 799 2790 aliqui·

250 2801 324 2855 «bus
344 2802 509 2873 principibus
531 2816 557 2857 et
584 2803 692 2856 baronis
716 2820 798 2856 causa

250 2885 377 2940 «bellum
407 2887 523 2953 videndi,
556 2890 625 2958 cepit
651 2891 798 2959 imperator

252 2969 331 3023 «alta
339 2986 408 3024 voce
422 2971 528 3027 dicere:
544 2970 634 3026 ‘Victi
644 2985 670 3026 et
680 2975 798 3042 superati

249 3063 338 3106 «sunt
352 3053 581 3121 Mediolanenses,
596 3065 624 3109 et
642 3071 738 3108 omnes
753 3053 799 3108 ha-

251 3157 265 3186 «
276 3136 329 3191 beo
348 3140 375 3191 in
397 3155 458 3192 mea
478 3150 611 3208 potestate
630 3150 656 3193 et
674 3141 771 3192 virtute
782 3139 796 3192 '.

249 3241 264 3270 u
276 3221 404 3276 Domnus
413 3234 505 3276 autem
519 3224 610 3277 Guido
623 3225 656 3278 de
671 3223 797 3277 Lomello

250 3323 265 3354 α
276 3317 303 3359 et
309 3304 433 3359 marchio
443 3306 477 3360 de
485 3306 667 3360 Monteferato
675 3308 798 3360 dixerunt

250 3407 265 3437 α
276 3389 446 3458 imperatori:
466 3389 613 3454 ‘Domine,
623 3390 746 3443 nundum
762 3392 799 3443 vi·

250 3489 265 3519 α
276 3471 350 3523 distis
360 3470 484 3524 militiam
494 3471 643 3525 Mediolani
654 3471 668 3524 '.
706 3471 738 3524 Et
751 3474 799 3524 im·

250 3563 383 3623 «perator
409 3555 478 3608 irato
502 3557 594 3608 animo
616 3556 681 3609 dixit
705 3566 799 3609 contra

250 3657 265 3686 u
276 3654 337 3693 eos:
349 3642 356 3666 ‘
366 3637 466 3693 Nonne
476 3640 556 3694 video
567 3657 620 3711 ego
630 3640 728 3694 milites
741 3640 798 3694 Me-

252 3722 377 3778 «diolani
387 3724 699 3791 disconfictos,mortuos
709 3737 735 3780 et
744 3725 799 3779 vul-

252 3817 384 3860 «neratos
400 3819 426 3861 et
440 3806 549 3877 fugatos
565 3822 591 3863 et
606 3809 741 3878 dispersos
752 3826 798 3879 per

251 3908 266 3938 α
277 3887 354 3942 villas
369 3900 396 3943 et
411 3905 523 3961 campos
538 3901 565 3944 et
580 3908 693 3945 nemora
709 3903 736 3946 et
751 3909 799 3963 per

251 3973 338 4028 «loca
350 3974 464 4041 deserta,
477 3987 504 4029 et
522 3976 600 4030 multi
615 3978 670 4029 iam
686 3978 718 4030 ad
735 3980 798 4031 civi-

212 4109 214 4114 ,
252 4075 266 4104 α
276 4067 360 4110 tatem
370 4054 530 4126 fugerunti'
547 4059 711 4129 increpando
724 4070 751 4113 et
763 4063 799 4113 vi·

253 4142 427 4212 «tuperando
448 4159 505 4209 eos,
529 4146 602 4214 ipsos
624 4147 706 4198 etiam
729 4156 797 4198 tam-

251 4243 265 4272 «
276 4240 358 4295 quam
370 4237 510 4294 suspectos
521 4225 634 4280 habens.
672 4228 797 4299 Cumque

252 4327 266 4356 «r
276 4305 340 4360 talia
354 4308 437 4361 verba
453 4309 581 4375 dicerent,
596 4310 694 4365 milites
710 4313 798 4364 senio·

251 4411 266 4442 «
276 4409 329 4458 res,
338 4394 384 4464 qui
394 4404 470 4447 erant
479 4395 507 4447 in
520 4396 622 4448 insidiis
632 4395 763 4461 asclerati,
773 4413 799 4449 a·

252 4497 267 4528 α
277 4478 439 4532 scenderunt
446 4495 526 4550 super
535 4482 672 4551 quandam
685 4493 797 4547 costam,

253 4581 267 4610 «
277 4576 304 4616 et
312 4563 445 4633 gradatim
463 4581 524 4617 cum
538 4565 608 4618 tubis
624 4577 650 4618 et
662 4567 797 4635 tympanis

253 4657 304 4700 «et
320 4665 381 4701 cum
398 4647 456 4702 aliis
469 4651 552 4718 signis
563 4649 626 4702 belli
640 4651 796 4703 sonantibus

857 1540 995 1606 «Brixiae,
1016 1551 1042 1593 et
1063 1556 1123 1594 cum
1145 1539 1204 1593 aliis
1226 1542 1271 1610 qui
1293 1539 1406 1610 dispersi
1494 1605 1498 1612 ἢ

858 1643 871 1673 «
883 1636 958 1678 erant
973 1641 1020 1694 per
1037 1640 1149 1693 campos
1170 1623 1299 1690 collectis,
1311 1623 1345 1676 ad
1362 1640 1406 1677 ca·

856 1711 987 1762 «rociunt
1015 1725 1109 1762 versus
1135 1708 1329 1779 imperatorem
1360 1725 1405 1779 pe·

858 1803 1014 1845 «rexerunt.
1055 1790 1158 1845 Videns
1178 1802 1269 1845 autem
1289 1808 1337 1845 eos
1357 1793 1405 1844 im·

857 1887 989 1948 «perator
1005 1888 1031 1930 et
1049 1875 1088 1930 illi
1107 1893 1204 1931 omnes
1223 1879 1269 1948 qui
1290 1894 1352 1930 cum
1371 1893 1404 1931 eo

856 1981 871 2011 «
883 1973 966 2027 erant,
979 1971 1006 2015 et
1019 1961 1139 2015 clamore
1151 1959 1224 2014 facto
1237 1977 1285 2031 per
1297 1961 1404 2030 expedi·

859 2046 987 2100 «tionem
1011 2045 1189 2117 imperatoris,
1210 2044 1290 2099 valde
1308 2047 1405 2098 timue·

857 2140 944 2182 «runt
959 2141 985 2183 et
1001 2130 1089 2199 partiti
1105 2139 1175 2194 sunt,
1191 2127 1360 2181 discedentes
1375 2126 1406 2181 il·

858 2234 871 2263 «
882 2213 936 2268 lico
952 2230 968 2265 a
980 2213 1085 2283 proelio
1101 2225 1127 2268 et
1140 2213 1174 2266 ad
1186 2212 1279 2266 locum
1292 2211 1337 2265 ubi
1350 2223 1405 2265 erat

857 2301 1030 2368 «imperator
1049 2299 1188 2351 venientes
1207 2309 1233 2350 et
1254 2313 1283 2350 se
1306 2295 1406 2350 coadu-

858 2402 871 2430 «
881 2393 987 2448 nantes,
1004 2382 1124 2436 dicentes
1139 2381 1296 2451 imperatori
1311 2396 1405 2434 comes

857 2484 872 2513 «
885 2464 975 2518 Guido
986 2476 1013 2518 et
1025 2465 1149 2519 marchio
1163 2465 1196 2518 de
1208 2463 1405 2517 Monteferato:

858 2549 1027 2614 ‹e‘Domine,
1050 2549 1171 2614 domine,
1190 2549 1274 2602 modo
1293 2549 1405 2618 potestis

858 2653 872 2682 α
882 2633 974 2686 videre
988 2631 1111 2686 militiam
1124 2632 1283 2698 Mediolani,
1296 2641 1323 2685 et
1333 2633 1406 2702 quod

858 2738 872 2767 «
883 2717 960 2772 vobis
968 2719 1091 2783 diximus,
1102 2733 1197 2770 verum
1210 2727 1276 2782 erat,
1285 2716 1405 2771 domine.

858 2803 1045 2873 «Cogitemus
1070 2803 1103 2856 de
1122 2802 1201 2856 nobis
1220 2814 1247 2856 et
1265 2802 1299 2855 de
1323 2813 1405 2872 gente

857 2900 985 2954 «nostra,
1009 2899 1080 2942 certe
1099 2886 1163 2940 victi
1181 2897 1208 2940 et
1227 2888 1344 2956 superati
1362 2902 1406 2939 su-

858 2989 951 3038 «mus,
967 2983 993 3025 et
1006 2972 1087 3026 hodie
1100 2973 1201 3025 erimus
1215 2973 1284 3042 capti
1295 2983 1321 3024 et
1334 2986 1406 3024 mor-

857 3074 872 3103 «
882 3056 929 3108 tui.
966 3055 1066 3108 Nonne
1076 3056 1172 3109 videtis
1186 3055 1299 3127 qualiter
1310 3055 1343 3108 ad
1354 3070 1406 3108 nos

858 3157 872 3186 u
882 3138 1012 3190 veniunt?
1050 3138 1096 3191 Isti
1112 3150 1173 3191 sunt
1188 3140 1238 3191 viri
1253 3135 1360 3191 seroces
1379 3147 1406 3191 et

858 3219 1021 3275 «fortissimi
1040 3234 1066 3274 et
1085 3221 1157 3275 docti
1176 3221 1203 3273 in
1222 3219 1312 3274 bello:
1332 3231 1405 3274 certe

858 3307 925 3358 «isti
949 3318 1106 3375 superarent
1129 3303 1186 3358 fere
1209 3318 1297 3358 totam
1324 3304 1404 3358 aliam

859 3390 1091 3443 «Lonbardiam’.
1127 3389 1160 3442 Et
1170 3391 1317 3461 imperator
1327 3390 1405 3443 dixit:

859 3476 963 3528 «‘Non
977 3487 1054 3529 erunt
1064 3476 1121 3528 ausi
1132 3476 1165 3529 ad
1176 3493 1226 3529 nos
1238 3478 1340 3541 venire,
1348 3491 1405 3528 non

859 3579 873 3609 ε(
884 3570 990 3630 oportet
1000 3576 1051 3612 nos
1060 3557 1166 3630 iugere;
1177 3560 1265 3614 adhuc
1275 3560 1406 3614 distamus

859 3664 873 3694 r«
884 3644 916 3696 ab
930 3646 968 3697 eis
976 3660 1024 3714 per
1034 3644 1154 3696 medium
1165 3643 1323 3710 miliarium,
1332 3645 1405 3715 prius

859 3728 949 3782 «volo
963 3728 1054 3781 videre
1067 3729 1140 3799 quod
1152 3727 1246 3783 facturi
1257 3741 1319 3783 sunt
1329 3730 1344 3783 ’.
1373 3729 1406 3784 Et

857 3814 947 3866 «dum
961 3813 1030 3866 haec
1042 3825 1180 3884 geruntur,
1193 3813 1293 3867 milites
1308 3831 1405 3868 omnes

857 3897 1012 3968 «praedicti
1027 3910 1053 3950 et
1072 3896 1188 3968 populus
1203 3915 1267 3951 cum
1287 3901 1405 3964 carocio,

857 4003 871 4032 «
882 3984 927 4054 qui
938 3980 1069 4051 impulsus
1085 3997 1100 4034 a
1115 3980 1218 4052 populo
1238 3985 1274 4035 ita
1289 3983 1405 4037 velocis·

857 4069 951 4120 «sime
971 4065 1093 4120 currebat
1109 4077 1137 4119 ut
1152 4066 1305 4132 destrarius,
1320 4076 1347 4119 et
1362 4083 1405 4136 ap·

857 4151 1093 4220 «propinquantes
1112 4151 1239 4202 exercitui
1259 4150 1404 4219 imperato-

857 4237 925 4300 «ris,
941 4236 1044 4303 ingenti
1061 4234 1180 4287 clamore
1192 4232 1274 4299 facto,
1293 4234 1405 4288 velocis·

858 4320 950 4371 «sime
979 4319 1112 4386 impetum
1141 4319 1166 4370 in
1198 4333 1246 4370 eos
1274 4316 1403 4371 lecerunt.

858 4399 1033 4469 «imperator
1051 4415 1117 4453 vero
1142 4410 1168 4452 et
1187 4415 1283 4453 omnes
1305 4398 1350 4453 alii
1369 4401 1402 4454 de

858 4485 1000 4537 «exercitu
1020 4485 1078 4537 eius
1097 4484 1217 4537 videntes
1243 4499 1298 4537 non
1323 4500 1403 4553 posse

856 4587 871 4616 «
880 4569 1013 4632 resistere,
1021 4578 1097 4638 terga
1108 4579 1241 4621 vertentes
1251 4567 1344 4636 fugam
1357 4584 1403 4637 pe-

856 4653 1014 4704 «tierunt».

254 4741 304 4784 «et
319 4731 445 4785 omnibus
460 4730 588 4785 militibus
603 4732 757 4787 Placentiae
771 4744 797 4787 et
823 4749 898 4806 3327.
915 4734 957 4790 Cf.
974 4735 1063 4792 Vetto.
1080 4740 1142 4793 Aen.
1159 4738 1219 4804 ΧΗ,
1238 4755 1260 4792 1.
