3300 5796
902 473 1155 532 ANONIMO

528 723 656 792 Rectori
672 721 788 812 dignas
803 722 952 806 reddunt,
969 746 1028 793 sua
1046 745 1123 794 uota
1140 724 1288 794 uidentes

527 838 657 928 Impleri
674 838 806 907 tandem
823 839 930 928 longis
948 860 1073 929 sperata
1089 840 1211 909 diebus.

527 954 652 1022 Instant
670 953 815 1022 ardentes
833 955 923 1043 operi
941 974 1124 1046 certantque
1142 956 1291 1025 subactas

528 1069 706 1137 instatuare
724 1068 841 1138 domos
858 1069 1059 1160 recidiuaque
1075 1094 1195 1161 ponere
1212 1091 1308 1140 tecta

528 1187 584 1253 Hii
601 1205 746 1276 reparant
765 1185 867 1254 aditus
885 1185 1081 1276 confusaque
1098 1207 1195 1256 strata
1211 1189 1353 1272 uiamm,

528 1302 584 1370 Hii
602 1322 724 1370 ueteres
742 1325 853 1370 muros
870 1322 1041 1392 portasque
1059 1327 1099 1370 ex
1118 1327 1209 1372 more
1226 1323 1412 1393 quaternas.

526 1417 624 1488 Nulla
641 1418 715 1485 uiris
734 1419 869 1507 requies,
888 1417 987 1487 dulcis
1004 1417 1094 1487 labor
1111 1419 1163 1487 ille
1181 1419 1318 1489 uidetur.
1551 1444 1634 1511 2590

529 1532 611 1601 Vrbs
631 1532 756 1601 Cumea
773 1532 847 1601 loco
865 1535 966 1622 surgit
984 1554 1138 1602 renouata
1152 1536 1273 1624 priore;

528 1645 704 1715 Laudensis
722 1648 849 1716 monitu
867 1647 1052 1716 transfertur
1069 1650 1218 1739 principis
1233 1649 1288 1718 alti

530 1763 608 1844 Qua
625 1783 772 1832 montem
791 1764 909 1832 Getion
927 1763 1101 1853 preterfluit
1118 1763 1213 1834 Adua
1229 1765 1320 1833 claris

529 1878 691 1948 Fluctibus
710 1900 742 1948 et
760 1899 864 1970 portat
880 1880 999 1948 ratibus
1017 1882 1209 1948 commercia
1225 1881 1342 1949 tractis.

529 1994 597 2063 Illic
616 1996 735 2063 eximio
754 1995 870 2064 domus
890 2014 984 2085 atque
1003 1995 1122 2084 palacia
1138 1996 1206 2083 regi
1548 2021 1632 2088 2595

529 2111 685 2179 Fluminis
704 2112 737 2178 in
754 2112 833 2200 ripa,
851 2112 932 2178 sicut
947 2111 1033 2178 iubet
1052 2112 1131 2200 ipse,
1148 2130 1307 2199 parantur.

530 2227 625 2296 Haud
643 2227 754 2317 procul
770 2227 844 2295 hinc
863 2228 940 2294 situs
959 2246 1017 2310 est,
1037 2228 1172 2316 Ligures
1190 2251 1286 2317 quern
1301 2229 1437 2297 nomine
1455 2229 1572 2300 dicunt

530 2343 728 2426 Roncaliam,
745 2366 876 2431 campus
894 2361 1041 2431 segetum
1059 2341 1215 2411 fecundus
1234 2362 1266 2410 et
1282 2342 1392 2427 herbe,

530 2460 599 2528 Rex
615 2457 669 2525 ubi
689 2459 866 2539 Romanus,
886 2459 1041 2545 Ligurum
1061 2481 1135 2525 cum
1154 2458 1259 2526 uisitat
1278 2457 1383 2542 urbes,

530 2572 738 2662 Colloquium
758 2571 914 2640 celebrare
933 2572 1015 2640 solet
1033 2575 1204 2662 castrisque
1222 2574 1334 2641 locatis
1361 2587 1367 2595 ‘
1545 2584 1637 2648 2600

530 2691 603 2757 Iura
621 2686 696 2756 dare
715 2690 747 2755 in
763 2686 901 2776 populos
919 2706 951 2755 et
970 2711 1082 2756 eornm
1102 2688 1226 2757 soluere
1240 2713 1360 2758 causas.

531 2807 605 2874 Huc
624 2805 720 2893 igitur
737 2805 883 2893 princeps
903 2803 1086 2873 Fredericus
1105 2828 1195 2873 more
1214 2822 1343 2874 uetusto

530 2920 715 2989 Concilium
733 2919 890 2989 celebrare
908 2920 1034 3000 uolens,
1052 2919 1261 3010 proficiscitur
1280 2941 1374 3011 atque

531 3037 700 3106 Conuocat
718 3038 860 3127 insignes
879 3039 1035 3126 Ligurum
1054 3059 1263 3126 proceresque
1281 3057 1429 3127 potentes

530 3155 571 3222 Et
588 3153 684 3221 simul
698 3178 737 3222 ex
757 3177 878 3243 magno
896 3155 1053 3243 sapientes
1072 3152 1213 3242 undique
1231 3176 1344 3243 regno,
1545 3163 1637 3244 2605

531 3267 684 3349 Quorum
704 3269 836 3337 consilio
852 3268 939 3358 leges
958 3293 993 3336 ac
1012 3271 1080 3336 iura
1097 3267 1279 3352 reuoluens,

531 3386 708 3454 Causamrn
728 3385 824 3454 soluit
841 3385 972 3475 laqueos
991 3386 1099 3455 etrite
1117 3383 1259 3475 querelas

530 3500 699 3568 Terminat
716 3502 899 3569 innumeras
918 3494 1013 3568 iudex
1031 3501 1155 3589 pietatis
1175 3517 1307 3567 amator.

529 3617 600 3685 Nec
620 3617 726 3685 minus
746 3617 812 3706 ipse
830 3639 952 3684 nouam
970 3614 1076 3705 legem
1095 3616 1288 3705 promulgat,
1309 3635 1344 3684 ut
1362 3638 1477 3684 omnes

531 3733 670 3822 Imperio
690 3750 803 3821 gentes
822 3733 962 3801 subiecte
980 3730 1087 3799 federa
1106 3732 1191 3821 pacis
1542 3740 1640 3804 2610

530 3849 686 3937 Perpetue
705 3865 835 3915 teneant
853 3866 885 3917 et
902 3847 1011 3936 legum
1031 3848 1098 3914 iura
1116 3865 1299 3936 sequantur,

529 3964 641 4032 Nemo
659 3962 758 4032 alium
776 3963 885 4045 uiolet,
903 3985 1001 4031 nemo
1021 3961 1087 4030 fera
1104 3962 1200 4053 prelia
1219 3981 1363 4052 temptet,

531 4079 629 4145 Fraus
648 4075 742 4146 dolus
759 4078 872 4148 insidie
890 4077 1001 4167 procul
1020 4077 1124 4146 absint
1141 4077 1237 4168 preda
1255 4080 1375 4169 rapine.

531 4193 584 4261 Sic
602 4191 751 4261 homines
768 4195 861 4283 primi
881 4195 1029 4262 uixerunt
1048 4194 1201 4284 temporis
1221 4193 1299 4261 olim

495 4413 566 4472 ²5⁸5·
581 4411 637 4459 eod.
652 4411 787 4471 Implerlque
839 4415 910 4474 2603.
925 4414 981 4461 Cod.
996 4412 1135 4460 (amciliurn

443 4616 520 4676 2593·
534 4601 610 4674 Oggi
625 4601 842 4673 Monghezzone.
1050 4602 1127 4659 2601.
1143 4603 1186 4658 ef.
1205 4602 1295 4659 Verte.
1316 4602 1408 4674 Georg.
1426 4602 1474 4669 IV,
1495 4601 1553 4672 563,
1568 4603 1636 4658 Aen.

443 4685 520 4759 2596.
541 4686 583 4742 cf.
603 4687 640 4743 0.
659 4686 793 4753 Moneua,
811 4689 851 4744 Dc
874 4690 926 4744 reb.
944 4686 1025 4744 mad.
1085 4688 1252 4759 V11,246-7.

477 4770 538 4842 605.
1051 4772 1128 4829 2612.
1144 4772 1187 4830 Cf.
1200 4773 1291 4830 Varro.
1306 4774 1370 4828 Aera
1386 4771 1434 4838 ΙΙΙ,
1449 4787 1509 4839 240.
