3300 5796
417 474 542 530 Gesta
569 473 609 528 nt
635 471 822 532 rruemco
851 432 872 534 l.

178 726 422 812 Fortunamque
439 725 540 812 sequi,
559 721 685 791 cohibet
702 745 773 812 pars
791 723 884 792 altera
903 747 1057 813 gressum,

180 841 221 908 Et
240 838 366 928 prodire
385 840 477 906 timet
494 860 666 927 regemque
685 838 835 907 lacessere
854 839 936 908 bello

180 954 294 1022 Turba
312 974 450 1044 patrum,
468 953 643 1043 consulque
661 973 773 1023 monet
791 978 832 1022 ne
851 953 977 1024 credere
996 978 1108 1047 campo

180 1071 255 1137 Neu
276 1068 420 1137 conferre
438 1090 572 1136 manum
589 1088 759 1158 properent
776 1092 842 1159 quo
860 1072 981 1139 uenerit
999 1095 1098 1161 usque

31 1208 132 1275 2240
182 1184 357 1275 Oportuna
377 1184 453 1267 dies,
473 1203 541 1253 tuta
556 1203 604 1252 set
622 1186 654 1251 in
673 1186 750 1253 urbe
766 1205 943 1254 morentur.

181 1304 279 1390 Ergo,
298 1300 371 1369 licet
385 1300 549 1369 stimulent
567 1300 670 1390 pudor
688 1303 793 1391 iraque
813 1301 894 1369 bella
912 1324 1053 1386 mouere,
1099 1288 1104 1297 ’

181 1420 242 1486 His
260 1442 370 1508 parere
389 1438 496 1486 tamen
517 1420 647 1486 monitis
666 1442 758 1487 mens
776 1419 926 1488 omnibus
944 1445 1018 1505 una,

181 1536 368 1625 Armatique
386 1554 496 1603 tenent
515 1534 637 1623 gladios
655 1552 687 1602 et
705 1536 810 1603 menia
828 1536 1006 1624 complent3

183 1652 238 1717 Hii
257 1650 376 1719 uallum
397 1649 495 1718 densa
514 1650 648 1737 cingunt
665 1672 837 1738 murosque
855 1672 974 1718 corona

36 1786 133 1853 2245
183 1766 223 1833 Et
241 1764 347 1833 fundis
367 1765 485 1854 lapides
504 1765 621 1833 iaciunt
639 1764 849 1854 uolucresque
866 1767 996 1854 sagittas

182 1878 338 1962 Arcubus‚
359 1881 492 1948 incautis
512 1898 649 1947 mortem
668 1902 725 1968 per
742 1882 837 1948 inane
854 1880 990 1949 ferentes
1000 1905 1009 1964 ;

184 1996 239 2063 Hii
257 2018 326 2063 sese
340 1995 381 2064 ad
398 2013 506 2084 portas
524 1995 704 2084 glomerant
722 1995 887 2085 aditusque
905 2014 1051 2079 tuentur;

184 2111 240 2177 Hii
256 2129 415 2178 tormenta
434 2128 544 2199 parant
562 2110 724 2178 mittendis
743 2132 884 2199 congrua
902 2112 995 2194 saxis,

185 2226 270 2306 Quis
290 2226 415 2294 ualeant
435 2226 544 2294 hostes
561 2226 660 2314 portis
677 2244 793 2293 terrere
812 2228 1019 2315 propinquos.

45 2361 139 2427 2250
186 2341 418 2409 Conscendunt
438 2358 537 2408 turres
555 2341 643 2428 pueri
660 2342 855 2430 innupteque
873 2341 976 2430 puelle

185 2458 224 2524 Et
242 2455 380 2524 tremulo
400 2474 579 2523 monstrant
598 2454 697 2545 digito
717 2457 775 2525 sibi
793 2458 879 2545 regia
899 2458 1001 2543 signa.

187 2574 304 2641 Matres
321 2572 438 2660 templa
458 2590 570 2661 petunt
584 2571 709 2661 lugubri
729 2596 809 2640 uoce
824 2591 989 2662 precantes

184 2688 338 2756 Numinis
357 2688 510 2755 auxilium
528 2688 652 2755 Sanctis
671 2710 798 2777 quoque
817 2688 902 2755 dona
921 2686 1070 2769 ferentes,

185 2804 335 2892 Votaque
352 2826 411 2892 pro
429 2803 528 2892 patrie
546 2801 665 2871 faciunt
679 2825 745 2870 non
761 2826 858 2891 parua
876 2803 986 2871 salute.

51 2937 139 3003 2²55
186 2916 299 2984 Thure
317 2916 495 2985 sacerdotes
515 2917 621 2985 altaria
641 2936 754 2986 cuncta
772 2938 926 3007 uaporant

187 3031 378 3121 Oblatisque
397 3034 504 3100 Deum
523 3032 618 3101 sacris
636 3032 757 3122 placare
776 3032 933 3116 laborant3

188 3149 328 3237 Magnus
347 3147 464 3237 ubique
482 3150 590 3231 timor,
609 3168 708 3217 status
727 3149 778 3217 ille
798 3151 992 3217 miserrimus
1009 3150 1105 3218 urbis.

188 3262 222 3330 O
242 3286 339 3353 quam
358 3263 462 3331 ueloci
481 3263 646 3333 discedunt
664 3286 814 3354 prospera
829 3288 934 3346 cursu,

188 3375 300 3455 Quam
317 3377 423 3445 subito
442 3377 512 3445 letis
530 3380 703 3445 miscentur
723 3379 820 3446 tristia
838 3379 950 3446 rebus!

55 3494 143 3557 2260
189 3489 436 3559 Mediolanensis
452 3491 547 3581 paulo
567 3511 640 3560 ante
653 3494 796 3581 potentia
814 3493 920 3582 gentis

188 3606 273 3675 Belle
291 3606 405 3689 serens,
425 3606 561 3696 populos
581 3610 737 3697 Ligurum
754 3609 890 3677 terrebat
908 3628 941 3676 et
956 3606 1062 3690 urbes,

189 3724 228 3789 Et
246 3721 365 3790 florens
383 3724 476 3791 uariis
494 3723 632 3813 pollebat
650 3724 766 3814 ubique
785 3724 953 3813 triumphis
963 3748 972 3807 ;

187 3840 284 3908 Nunc
302 3839 456 3928 premitur
473 3862 552 3907 seuo
571 3840 639 3906 sine
663 3839 794 3908 uulnere
813 3842 896 3907 uicta
914 3841 1029 3907 timore

189 3955 229 4021 Et
245 3955 363 4041 patitur
381 3954 544 4034 meritum,
562 3972 683 4021 mutata
697 3974 795 4036 sorte,
813 3954 969 4022 dolorem.

56 4073 140 4155 2265
188 4068 231 4135 At
249 4092 305 4136 rex
325 4092 398 4137 cum
416 4067 548 4136 ducibus
566 4070 676 4158 positis
696 4070 761 4137 iam
780 4092 912 4158 corpora
931 4069 1039 4136 castris

108 4268 177 4317 ²²39·
191 4258 276 4316 usque]
290 4258 329 4315 leq.
344 4258 521 4315 congenerem
533 4258 573 4303 nel
584 4258 640 4305 Cod.
655 4271 748 4318 appeto
761 4259 847 4305 sloede
856 4259 946 4305 nuccio
955 4259 984 4303 di
992 4272 1023 4305 un
1037 4256 1048 4301 Ι
1107 4270 1176 4318 ²²43·
1191 4258 1247 4305 Cod.

55 4338 145 4395 copient
198 4336 259 4383 2252.
275 4336 332 4383 Cod.
344 4338 445 4383 tternulio
458 4350 472 4381 e
483 4332 549 4395 digiti
600 4338 664 4398 2259.
679 4338 736 4385 Cod.
750 4338 801 4383 leti·

93 4513 207 4555 «terum
234 4500 395 4555 distribuens
429 4502 575 4555 exercitum
603 4503 642 4555 in·
668 4515 745 4567 2242.
759 4501 848 4556 Vetto.
861 4503 925 4557 Aen.
934 4500 969 4567 X,
985 4502 1043 4556 182.

94 4604 109 4635 e
119 4585 237 4639 struebat
252 4585 423 4639 obsidionem
431 4604 455 4636 u.
490 4584 640 4639 Rauewnu
669 4599 746 4653 2243.
758 4585 846 4639 Vetto.
859 4586 922 4639 Am.
936 4586 983 4653 ΙΧ,
998 4602 1038 4655 39.

95 4669 167 4723 Gesta
182 4667 253 4723 Frr’d.
266 4668 314 4734 ΙΙΙ,
330 4668 345 4738 5
360 4667 400 4739 36.
669 4682 745 4735 2244.
759 4667 849 4721 Vetto.
864 4669 928 4722 Aen.
943 4668 977 4734 X,
996 4682 1053 4733 122,
1065 4667 1113 4733 xl,
1128 4683 1189 4737 475.

58 4753 135 4819 2258.
147 4751 237 4809 Vetto.
249 4753 315 4807 Aen.
328 4752 374 4818 tx,
386 4766 429 4818 42.
669 4767 734 4819 2255
761 4750 805 4807 cf.
820 4752 909 4807 veno.
923 4754 985 4807 Aen.
1000 4752 1048 4819 XI,
1063 4754 1124 4819 481.
