3300 5796
875 492 1130 550 ANONIMO

540 742 584 808 At
600 738 738 829 pendere
757 764 834 808 suos
854 764 987 809 cernens
1006 743 1152 810 animosa
1169 744 1325 812 iuuentus
1526 746 1604 831 2980

542 855 708 924 Continuo
728 854 841 939 furcas,
862 856 997 925 stimulis
1015 859 1133 946 agitata
1151 857 1283 942 doloris,

541 974 566 1040 E
585 973 717 1060 regione
736 991 835 1062 parat,
854 971 1124 1063 confligendoque
1142 992 1285 1043 retentos

541 1088 691 1169 Quatuor
710 1088 860 1178 appendit
878 1112 1033 1179 proceres.
1077 1091 1121 1157 sic
1140 1089 1205 1158 ulta'
1223 1113 1361 1160 suorum

541 1203 701 1274 Dedecus.
745 1204 806 1272 hoc
825 1204 939 1273 ductor
956 1204 1041 1272 facto
1060 1228 1232 1273 succensus
1251 1206 1285 1273 in
1299 1207 1384 1273 iram

541 1321 630 1388 Seuit
648 1343 791 1410 moxque
810 1318 908 1388 uades
927 1343 1009 1410 quos
1029 1319 1151 1389 dudum
1169 1320 1262 1388 turba
1278 1321 1408 1391 rebellis
1517 1325 1596 1411 2985

541 1436 603 1524 Spe
623 1434 751 1504 dederat
769 1436 865 1525 pacis,
884 1435 957 1503 duci
975 1435 1063 1504 iubet
1081 1435 1221 1526 undique
1241 1456 1387 1520 cunctos,

540 1552 585 1618 Vt
604 1570 696 1618 necet
716 1570 788 1618 ante
808 1550 919 1618 oculos
938 1549 1117 1618 miseranda
1135 1570 1239 1619 morte
1257 1571 1440 1640 parentum.

541 1666 653 1735 Turris
672 1685 738 1735 erat
756 1657 896 1734 trabibus
914 1668 1090 1755 compactis
1108 1667 1214 1754 lignea
1232 1667 1363 1755 grandis

540 1781 703 1871 Largifluo
720 1781 830 1871 populi
848 1801 978 1871 sumptu
998 1781 1141 1849 edificata
1160 1782 1335 1865 Cremone,

541 1898 617 1979 Que
635 1898 887 1987 superexcellens
905 1920 1015 1965 muros
1035 1920 1070 1965 ac
1090 1900 1196 1965 menia
1214 1898 1300 1966 celso
1513 1922 1598 1989 2990

542 2013 694 2083 Culmine
713 2013 868 2082 subiectas
887 2012 1005 2102 lapides
1024 2013 1119 2080 simul
1138 2032 1233 2102 atque
1252 2014 1395 2102 sagittas,

541 2131 576 2198 Si
593 2153 694 2219 prope
713 2129 807 2198 ducta
825 2128 925 2211 foretr
936 2147 1060 2218 poterat
1078 2130 1192 2196 iactare
1210 2152 1267 2218 per
1285 2128 1372 2198 edes.

542 2248 612 2314 Hac
630 2269 777 2335 superare
797 2245 949 2313 Cremam
969 2244 1153 2312 Fredericus
1172 2245 1258 2312 mole
1277 2244 1422 2334 parabat3

541 2363 635 2429 Hanc
654 2362 751 2449 igitur
768 2379 879 2429 contra
899 2361 964 2430 duo
983 2384 1063 2448 gens
1081 2379 1242 2427 tormenta
1262 2360 1449 2430 Cremensis

541 2478 671 2544 Fecerat
690 2495 722 2545 et
740 2475 877 2544 crebrius
896 2474 1025 2543 feriebat
1043 2494 1139 2544 nocte
1158 2474 1271 2565 dieque
1512 2498 1596 2565 2995

541 2592 671 2674 Ictibus,
689 2613 725 2660 ut
748 2615 891 2681 pannum
910 2591 1039 2660 fullonis
1054 2590 1211 2659 machina.
1249 2589 1368 2660 cedunt

541 2709 645 2796 Ligna
663 2708 767 2776 trabes
786 2731 917 2776 arcuum
937 2726 1091 2774 centones
1109 2708 1187 2774 retia
1206 2725 1314 2789 crates,

541 2824 668 2891 Cuncta
687 2821 801 2910 quibus
819 2822 920 2891 fuerat
939 2823 1032 2891 turris
1051 2823 1183 2903 munita,
1203 2846 1263 2890 nec
1282 2820 1378 2890 audet

541 2938 724 3027 Quisquam
743 2957 823 3005 stare
843 2961 947 3026 super,
966 2936 1099 3027 pauidos
1118 2960 1206 3004 mors
1224 2935 1337 3026 pallida
1353 2955 1460 3005 terret

540 3055 601 3122 Hic
621 3073 710 3144 pater
728 3053 895 3122 infandum
914 3054 1047 3121 nimiam
1067 3051 1250 3120 Fredericus
1270 3052 1311 3119 ob
1330 3053 1412 3119 iram
1515 3076 1602 3141 3000

540 3170 721 3238 Consilium
740 3170 881 3258 sequitur
900 3170 1096 3258 miserosque
1115 3169 1146 3234 in
1166 3187 1250 3235 turre
1269 3167 1370 3256 ligari,

540 3284 617 3364 Qua
636 3285 751 3352 feriunt
770 3304 941 3366 tormenta,
961 3285 1057 3354 uades
1076 3283 1163 3352 iubet
1182 3301 1275 3372 atque
1294 3305 1429 3350 suorum

538 3399 656 3467 Ictibus
676 3400 805 3489 opponi.
847 3417 908 3466 stat
926 3398 1015 3467 turba
1034 3398 1128 3487 ligata
1147 3395 1286 3465 nefando

539 3517 706 3584 Interitura
724 3514 825 3582 modo
844 3534 876 3583 et
894 3511 1078 3583 miseranda
1091 3538 1171 3583 uoce
1191 3532 1352 3603 precatur:

543 3631 705 3712 «Parcite,
724 3629 842 3698 dilecti!
863 3630 977 3712 dilecti,
995 3630 1123 3718 parcite,
1141 3629 1266 3696 fratres!
1513 3650 1601 3718 3005

543 3775 559 3811 a
570 3749 640 3816 Nec
662 3766 779 3814 uestras
799 3747 915 3816 uiolate
935 3748 1066 3814 manus!
1087 3770 1128 3813 en
1146 3748 1281 3835 pignora
1300 3745 1419 3813 uestra!

544 3862 675 3944 «Quod
695 3865 720 3930 si
740 3887 807 3930 non
827 3862 915 3930 aliter
934 3862 1103 3930 defendere
1123 3885 1193 3929 cara
1213 3862 1322 3929 ualetis

544 4006 559 4042 κ
573 3980 692 4061 Menia,
711 4002 778 4046 non
797 3977 939 4066 fugimus
958 3978 1130 4066 perituram
1150 3977 1329 4066 expendere
1347 3977 1489 4043 uitam».

437 4149 441 4157 .
540 4095 630 4161 Talia
650 4094 791 4162 dicentes
811 4094 969 4180 gemitum
988 4092 1194 4179 lacrimasque
1211 4089 1396 4158 mouebant.

540 4208 630 4288 Quid
650 4209 787 4276 faciant?
807 4208 961 4274 feriantne
981 4231 1067 4289 suoS,
1087 4208 1202 4295 pietate
1221 4205 1364 4273 remota?
1510 4227 1602 4292 3010

538 4325 590 4391 An
608 4325 752 4413 propiare
771 4325 875 4391 sinant
894 4321 1021 4390 fatalem
1038 4321 1077 4389 ad
1097 4322 1203 4389 menia
1223 4321 1365 4388 molem?

459 4543 526 4591 ²997·
540 4533 647 4590 arcuum]
663 4532 748 4587 lezione
763 4533 853 4576 incerta
865 4543 909 4588 per
922 4530 943 4574 le
957 4535 993 4574 tre
1005 4529 1084 4588 prim
1104 4530 1185 4573 lettere
1205 4529 1246 4572 che
1260 4539 1317 4572 tono
1331 4527 1401 4585 quasi
1417 4526 1508 4584 011000
1522 4538 1600 4572 scom-

404 4625 481 4671 parse.
538 4614 607 4672 3008.
622 4613 678 4658 Cod.
694 4612 786 4670 exped'e

408 4792 484 4864 2988.
496 4793 586 4848 Vane.
602 4795 665 4848 Aen.
681 4792 741 4859 XII,
754 4790 814 4861 674.
1014 4790 1090 4860 3008.
1106 4787 1149 4844 cf.
1163 4788 1271 4842 Lucan,
1287 4787 1374 4842 Phara.
1389 4785 1423 4851 11,
1441 4786 1498 4855 382.
