3300 5796
770 505 1023 566 ANONIMO
1097 556 1100 565 .

436 762 535 830 Nunc
553 760 624 841 ruit,
643 761 798 826 intactum
816 774 961 826 remanet
978 753 1033 836 nil,
1053 752 1179 843 altaque
1197 774 1326 842 prorsus

438 874 577 964 Templa
595 893 701 957 ruunt,
721 897 781 942 nec
800 894 935 962 persone
954 871 1017 937 iam
1036 870 1173 958 parcitur
1191 867 1268 937 ulli:

437 992 588 1079 Namque
607 987 787 1057 sacerdotes
807 987 941 1057 Domini
960 984 1134 1075 spoliantur
1152 1002 1185 1052 et
1204 984 1265 1072 ipsi

438 1107 584 1176 Presules
602 1109 733 1197 egregii,
752 1106 869 1196 patitur
886 1104 1003 1173 domus
1021 1101 1126 1191 atnpla
1142 1102 1282 1183 ruinam,

438 1225 509 1293 Nec
528 1224 658 1314 prodest
676 1242 743 1291 etas
762 1220 814 1291 uel
833 1244 927 1289 sexus
946 1218 1056 1288 debilis
1074 1216 1139 1286 ulli.
1407 1211 1476 1298 1380

438 1340 587 1427 Denique
606 1362 684 1427 gens
703 1340 816 1407 uictrix
836 1340 968 1405 miseros
986 1337 1087 1403 iurare
1106 1333 1212 1421 coegit
1306 1371 1312 1381 ·

439 1454 534 1521 Ferre
552 1455 676 1541 iugum,
695 1452 851 1543 solitaque
869 1451 928 1520 sibi
948 1451 1068 1520 ditione
1086 1448 1223 1536 subegit.

437 1567 517 1636 Inde
537 1569 737 1652 Ticinenses,
756 1568 891 1637 fluuium
910 1586 1105 1655 transgressa
1124 1563 1290 1643 Ticinum,

437 1683 631 1771 Aggredimr
649 1683 739 1767 fines,
764 1682 858 1752 dubia
877 1707 913 1750 ac
932 1681 1107 1772 trepidante
1127 1678 1233 1767 Papia,

440 1801 478 1866 Et
497 1798 623 1866 castella
641 1799 712 1867 solo
730 1800 846 1889 redigit
864 1799 1027 1888 uillasque,
1048 1795 1182 1864 colonos
1412 1789 1480 1874 1385

440 1915 571 1983 Ducens
591 1918 744 2004 captiuos,
764 1915 952 2002 rediensque
970 1912 1103 2002 trophea
1122 1925 1261 1999 reportat

440 2029 597 2113 Plurima3
617 2054 676 2098 nec
695 2033 810 2100 uinctis
823 2016 927 2119 ¹penas
947 2048 1001 2097 aut
1019 2026 1123 2096 uincla
1142 2023 1260 2092 relaxat

441 2145 538 2224 Dura,
557 2164 605 2213 set
624 2146 812 2229 accumulat,
833 2167 985 2234 spernens
1005 2141 1121 2231 regalia
1139 2141 1233 2209 iussa.

440 2260 492 2328 Sic
512 2285 566 2328 rex
586 2263 691 2350 Egipti
711 2262 834 2330 Pharao
854 2261 1010 2330 dimittere
1030 2257 1186 2338 Hebreos‚

441 2374 623 2442 sacrificare
642 2377 715 2444 Deo
734 2400 817 2467 quos
836 2378 945 2444 acriter
963 2376 1030 2464 ipse
1049 2370 1212 2463 premebat

441 2491 479 2556 ln
498 2491 631 2578 regione
650 2514 717 2574 sua,
736 2494 879 2560 monitus
898 2491 945 2559 bis
965 2510 1084 2578 terque,
1104 2487 1244 2575 negauit,

441 2605 481 2671 Et
499 2605 644 2692 grauiore
664 2605 742 2693 iugo
761 2608 951 2674 miserorum
970 2604 1051 2672 colla
1070 2602 1224 2692 grauauit,

443 2720 618 2808 Imperium
638 2719 763 2788 domini
781 2720 894 2789 durato
914 2719 1010 2788 corde
1028 2719 1221 2809 relinquens,

441 2835 555 2901 Donec
575 2834 696 2902 celestis
714 2835 843 2905 soluens
863 2835 1019 2924 ergasmla
1039 2853 1151 2917 rector,

441 2949 606 3018 Auxilium
625 2951 748 3018 miseris
767 2952 838 3020 tulit
857 2952 1032 3040 eripuitque
1052 2966 1202 3037 rogantes
1418 2962 1491 3030 1395

441 3064 583 3153 Postque
602 3063 713 3132 decem
731 3064 841 3154 plagas
860 3065 1060 3133 Pharaonem
1080 3064 1189 3131 mersit
1208 3060 1364 3128 habissus.

441 3181 484 3247 At
503 3181 636 3269 Ligures
656 3198 744 3247 tanta
762 3183 859 3270 pressi
880 3183 1034 3270 grauitate
1053 3179 1211 3248 malornm

443 3295 605 3376 Quamuis
623 3299 785 3386 preteritas
804 3297 933 3368 uideant
952 3299 1098 3366 nocuisse
1117 3293 1271 3385 querelas,

445 3414 564 3482 Rursus
586 3412 624 3480 ad
643 3414 798 3480 inuictum
818 3436 885 3482 non
905 3433 1030 3482 cessant
1048 3415 1172 3481 mittere
1191 3434 1313 3500 regem,

443 3530 487 3596 Vt
506 3527 585 3596 ferat
604 3529 756 3596 auxilium
776 3531 933 3618 oppressis
952 3529 1134 3617 releuetque
1155 3529 1304 3595 iacentes.
1421 3542 1499 3612 1400

445 3643 579 3732 lamque
600 3641 707 3710 Obizo
727 3662 855 3711 montes
874 3663 981 3712 orator
999 3660 1173 3711 transmeat
1191 3641 1282 3723 altos,

366 3848 436 3908 ¹39⁶·
451 3847 519 3893 Corr.
534 3850 629 3906 abyssus

314 4051 388 4108 1379·
401 4036 494 4091 Vens.
509 4037 570 4091 Aen.
585 4035 617 4102 11,
633 4053 689 4105 310.
957 4052 972 4089 a
988 4035 1098 4090 Worms
1111 4051 1205 4109 presso
1221 4035 1239 4089 l’
1248 4037 1412 4107 imperatore
1427 4033 1504 4100 ilaa·

313 4136 387 4193 1397·
403 4119 447 4176 cf.
462 4120 552 4177 Vano.
568 4123 632 4177 Aen.
647 4121 682 4190 X,
700 4137 758 4194 347.
956 4121 1024 4191 prile
1046 4136 1120 4191 1157.
1156 4119 1238 4176 Nella
1257 4121 1380 4175 edizione
1398 4120 1425 4173 di
1443 4116 1502 4190 quel

313 4221 388 4272 14⁰1·
406 4206 496 4276 Obizo]
511 4206 538 4260 lo
551 4219 640 4261 stesso
653 4206 680 4261 di
695 4209 739 4261 cui
754 4205 852 4278 parlasi
868 4204 893 4258 al
958 4204 1087 4276 diploma,
1102 4205 1129 4258 in
1145 4204 1279 4270 Vmbram,
1294 4204 1359 4259 Stor.
1374 4202 1440 4258 della
1454 4203 1504 4273 lega

345 4305 370 4341 v.
385 4285 450 4358 1762
462 4288 577 4360 (Opica),
590 4289 832 4360 soprannominato
845 4290 894 4342 Bu-
959 4289 1046 4343 Lomb.
1054 4305 1079 4359 p.
1088 4290 1247 4356 50n.,ilsuo
1258 4291 1504 4343 nomeecorrotto:

346 4372 412 4443 casol
427 4389 443 4425 o
457 4373 603 4445 Boccasolla.
640 4372 692 4426 Nel
712 4389 777 4443 1157
791 4390 834 4426 era
849 4389 895 4426 co·
960 4393 974 4422 a
985 4372 1079 4443 Opiho
1093 4374 1205 4429 bucasol
1219 4386 1245 4428 et
1255 4375 1366 4445 gaidum
1380 4372 1504 4428 consules

346 4456 398 4509 stui
417 4473 473 4510 uno
489 4457 530 4511 dei
551 4456 657 4511 consoli
673 4456 700 4510 di
715 4457 807 4523 Pavia,
827 4474 842 4510 e
861 4457 895 4511 da
959 4460 1126 4529 «papienses
1137 4478 1171 4523 »3
1191 4477 1235 4513 ma
1251 4459 1277 4512 la
1292 4460 1464 4513 restimzione
1479 4459 1505 4511 in

346 4558 382 4594 un
398 4541 518 4610 diploma
531 4543 557 4595 di
572 4542 702 4596 Federico
716 4560 731 4595 a
745 4541 839 4597 favore
852 4542 894 4595 dei
960 4542 1045 4614 Opilio
1060 4543 1166 4614 Bacasol
1181 4546 1230 4597 dsl
1246 4543 1370 4597 evidente
1386 4543 1437 4597 che
1450 4557 1506 4595 non

347 4624 510 4678 Cremonesi
529 4625 667 4695 (Sruster,
686 4643 713 4679 n.
735 4625 824 4696 3766),
843 4642 896 4681 ove
959 4628 1074 4681 avrebbe
1093 4628 1210 4697 bisogno
1229 4628 1273 4683 del
1292 4631 1425 4682 riscontro
1444 4627 1506 4680 dato

346 4706 363 4760 il
384 4723 435 4762 suo
450 4725 533 4762 nome
549 4709 686 4780 apparisce
699 4707 738 4762 fra
753 4709 838 4780 quelli
853 4709 895 4764 dei
959 4711 1031 4782 dagli
1046 4712 1142 4767 Annal.
1157 4712 1267 4769 Placent.
1282 4713 1363 4783 Guslfi
1377 4722 1452 4766 sotto
1464 4709 1506 4764 l’a.

346 4791 504 4857 soscrittori,
518 4791 610 4847 risulta
623 4793 674 4847 che
693 4791 746 4862 egli
759 4793 897 4848 trovavasi
963 4794 1042 4850 1162:
1061 4795 1240 4868 «Opizonem
1257 4794 1443 4852 Buccalollem
1454 4815 1480 4850 s.
