3300 5796
524 457 648 514 GESTA
675 456 715 512 Dl
742 456 929 514 FEDERICO
959 458 980 513 1.

156 725 241 791 2400
289 705 360 791 lpse
378 707 475 772 etiam
492 723 622 793 sumpto
641 705 753 773 ductor
771 704 855 774 subit
874 707 998 794 inpiger
1016 729 1089 773 arcu

288 819 522 909 Letiferamque
540 819 650 909 procul
670 821 785 888 iaciens
804 822 972 910 perinane
991 824 1138 910 sagittam

288 935 431 1004 Percellit
449 938 570 1025 superis
588 935 780 1005 residentem
798 936 924 1006 sedibus
943 937 1081 1024 hostem.

289 1050 428 1118 Tollitur
447 1053 479 1119 in
498 1037 603 1120 c'elum
622 1051 752 1134 clamor,
772 1054 833 1121 ruit
852 1051 993 1142 undique
1011 1052 1101 1120 sortis

288 1166 453 1235 Consertis
473 1167 563 1234 miles
582 1167 690 1256 clipeis
709 1186 740 1235 et
757 1167 883 1235 soluere
903 1167 997 1235 molis

154 1302 236 1368 2405
285 1283 405 1350 Nititur
423 1283 546 1352 excelse
565 1306 756 1385 compagem
776 1307 812 1351 ac
829 1284 975 1373 frangere
993 1307 1086 1365 saxa3

288 1398 342 1464 Hii
360 1397 488 1467 faretras
507 1400 611 1467 missis
630 1418 750 1467 certant
768 1421 902 1468 uacuare
920 1400 1053 1487 sagittis,

286 1514 340 1580 Hii
359 1533 519 1584 tormenta
535 1534 656 1604 parant,
677 1515 841 1582 mittendis
860 1536 1003 1602 congrua
1021 1513 1116 1581 saxis.

285 1630 332 1694 Ac
351 1652 446 1717 super
463 1628 585 1697 hostilis
604 1630 724 1718 lapides
742 1647 775 1697 et
792 1628 853 1696 tela
872 1631 1021 1698 iuuentus

286 1742 441 1811 Certatim
459 1741 595 1812 fundens
614 1767 741 1811 necnon
761 1743 940 1832 celeresque
959 1746 1099 1831 sagittas,

154 1874 241 1941 24¹0
287 1857 424 1925 Discutit
443 1880 607 1926 armorum
625 1860 740 1926 seriem
761 1881 943 1947 cuneosque
961 1857 1092 1947 repellit,

287 1973 326 2039 Et
345 1972 433 2040 uelut
451 1996 522 2041 arce
540 1973 655 2041 sedens
673 1973 767 2042 firma
784 1997 819 2042 se
838 1993 947 2042 mente
966 1993 1082 2042 tuetur.
1143 2063 1151 2074 '

286 2089 325 2154 Et
344 2090 407 2155 iam
424 2089 475 2156 sol
493 2087 636 2157 medium
655 2088 713 2156 celi
733 2089 971 2157 transcenderat
988 2087 1110 2170 orbem,

287 2201 460 2272 Oceanum
479 2223 640 2294 repetens,
660 2205 777 2273 durum
796 2224 866 2272 tum
886 2204 967 2271 fessa
985 2204 1126 2271 laborem

286 2320 428 2407 Agmina
446 2322 672 2408 magnanimus
691 2339 804 2388 monet
822 2321 1029 2388 intermittere
1047 2318 1161 2387 ductor

288 2435 327 2501 Et
345 2457 487 2524 reparare
505 2458 578 2503 suas
597 2435 737 2505 curando
757 2457 890 2524 corpora
907 2436 1000 2503 uires.

288 2549 470 2619 Succedunt
487 2552 584 2640 igitur
601 2553 709 2620 castris
728 2569 760 2619 et
779 2573 912 2639 corpora
930 2568 1056 2618 curant.

288 2665 408 2754 Effugit
425 2667 544 2734 interea
563 2666 662 2734 ciuilis
681 2684 776 2734 nocte
794 2667 953 2748 iuuentus,

288 2766 421 2847 Fomice
441 2779 576 2862 deserto,
596 2782 792 2870 patriamque
811 2780 931 2848 recedit
948 2781 981 2847 in
999 2777 1130 2860 urbem;

288 2895 374 2962 Nam
394 2897 506 2963 metuit
524 2893 661 2962 subitam
681 2913 815 2963 uentura
834 2895 903 2963 luce
923 2896 1059 2962 minam.

287 3010 378 3077 Stant
396 3029 505 3078 tamen
523 3010 671 3078 audacter
688 3010 818 3100 quidam
838 3009 1012 3099 sedemque
1031 3007 1141 3076 diebus

287 3125 398 3192 Mente
416 3145 527 3193 tenent
544 3124 664 3214 aliquot
682 3124 800 3193 stabili:
826 3148 939 3193 uerum
957 3123 1098 3213 undique
1117 3121 1215 3190 turbis

287 3239 455 3327 Dispositis
474 3239 614 3322 tandem,
634 3239 778 3308 uiolento
798 3241 901 3308 Marte
919 3239 1050 3321 subacti,

287 3354 392 3443 Seque
409 3353 581 3443 locumque
600 3354 673 3422 duci
692 3354 829 3422 tradunt.
872 3373 904 3422 at
922 3356 1025 3422 uictor
1043 3355 1076 3421 in
1095 3353 1160 3420 alto

288 3469 422 3535 Fornice
440 3468 613 3557 presidium
632 3470 723 3558 ponit
741 3467 938 3551 Fredericus,
957 3487 988 3537 et
1006 3468 1093 3536 urbis

287 3583 436 3653 Menibus
455 3585 653 3673 appropians,
671 3585 771 3673 portis
789 3572 953 3652 fera'bella
971 3583 1029 3653 sub
1048 3584 1123 3672 ipsis

288 3701 402 3768 Miscet
420 3720 452 3768 et
470 3701 591 3789 ingenti
609 3701 724 3789 premit
742 3700 850 3768 hostes
870 3719 975 3789 strage
995 3700 1158 3790 superbos.

290 3815 379 3883 Ilicet
398 3815 437 3883 ad
455 3833 561 3904 portas
580 3833 648 3882 tota
665 3813 847 3883 discurritur
865 3814 942 3884 urbe

288 3933 476 4020 Armatique
492 3949 589 3999 ruunt
607 3931 692 3998 ciues
711 3929 893 4019 uallumque
914 3949 1069 3999 coronant

287 4047 326 4113 Et
344 4069 401 4113 sua
421 4045 540 4112 collatis
559 4063 702 4114 tutantur
719 4047 825 4114 menia
844 4045 971 4113 dextris.

156 4181 241 4248 2430
287 4162 466 4249 Erumpunt
484 4162 615 4228 iuuenes
634 4159 756 4229 ardenti
778 4180 907 4249 pectore
925 4159 1034 4242 fortes,

287 4275 428 4343 Vulnera
446 4277 617 4343 miscentes
634 4272 815 4343 rabidarum
834 4299 924 4343 more
942 4274 1090 4357 ferarum,

206 4483 265 4526 ²⁴¹²·
283 4470 339 4516 Cod.
355 4469 508 4515 transeoderat
561 4469 844 4528 2413.Coa.0cceanum

153 4658 231 4713 24⁰3·
246 4643 289 4699 cf.
302 4644 392 4699 Vnae.
405 4644 468 4698 Am.
484 4643 532 4710 IX,
549 4641 608 4713 566.
761 4641 867 4710 2425·6.
884 4641 928 4697 Cf.
939 4641 1030 4696 Vetto.
1043 4642 1107 4696 Aen.
1119 4641 1154 4709 ll,
1168 4657 1211 4713 23,
1222 4642 1270 4708 XI,
1281 4657 1342 4716 499

154 4742 229 4793 2412.
244 4727 334 4782 Vena.
349 4730 413 4783 Aen.
428 4727 502 4793 vm,
516 4743 560 4800 97.
760 4743 837 4798 2431.
853 4727 939 4782 Srar.
958 4727 1033 4782 aaa.
1049 4725 1109 4794 Vll,
1124 4742 1167 4798 7¹·
