3300 5796
933 484 1184 541 ANONIMO

553 735 634 802 Ecce
654 751 762 801 autem
781 734 886 802 subito
904 732 1006 802 rabies
1025 751 1135 801 exorta
1152 732 1291 822 procelle

553 849 633 916 Mox
653 871 690 916 ea
707 849 820 916 sternit
838 848 939 933 humi,
958 849 1084 938 penitus
1102 848 1275 918 retinacula
1293 848 1462 940 frangens,
1578 870 1650 941 299

553 965 798 1053 Ventorumque
818 963 933 1032 cboors
951 983 1083 1054 pugnat,
1104 983 1268 1055 tamquam
1288 965 1389 1036 Eolus
1407 964 1500 1036 illam
1618 984 1628 1031 a

553 1080 677 1147 Miserit
696 1079 814 1146 auxilio
834 1079 984 1162 obsessis,
1003 1098 1035 1147 et
1052 1080 1139 1168 regia
1157 1077 1262 1148 turbat

554 1193 666 1262 Castra
685 1192 804 1263 furens.
850 1218 919 1263 non
938 1190 990 1262 illa
1008 1213 1115 1263 tamen
1136 1194 1289 1264 uiolentia
1306 1218 1421 1285 regem

553 1312 727 1378 Permonet
746 1329 919 1400 augustum
929 1335 939 1395 ;
958 1309 1045 1380 iubet
1064 1310 1147 1379 illico
1167 1309 1259 1378 firma
1276 1312 1378 1401 parari

554 1427 656 1495 Tecta
673 1426 852 1516 domosque
870 1426 940 1510 sibi,
958 1451 1020 1516 que
1039 1451 1187 1517 spernere
1205 1425 1336 1496 flamina
1354 1427 1484 1516 possint
1580 1450 1645 1521 299

552 1544 659 1632 Atque
677 1541 832 1624 hiemem3
852 1542 930 1610 silue
949 1541 1026 1610 dant
1043 1541 1164 1631 largam
1184 1541 1258 1610 hinc
1276 1540 1352 1611 inde
1369 1542 1559 1635 propinque

553 1659 732 1728 Materiam.
777 1681 827 1726 res
846 1659 939 1726 mira!
960 1657 1077 1726 domus
1096 1682 1132 1725 ac
1148 1676 1230 1726 tecta
1247 1676 1397 1748 parantur

554 1773 695 1843 Grandia
712 1797 771 1863 pro
790 1774 909 1855 castris,
927 1773 1028 1841 rabies
1047 1797 1175 1863 quoque
1193 1796 1270 1842 seua
1289 1773 1434 1862 quiescit.

553 1888 651 1958 Haud
669 1912 771 1971 mora,
790 1890 957 1978 Pergamei
976 1907 1137 1957 seruantes
1157 1890 1244 1978 regia
1263 1889 1348 1957 ciues

547 2008 641 2093 Jussa
655 2029 752 2074 suum
770 2004 904 2072 domino
923 2024 1094 2094 properant
1111 2004 1241 2095 prebere
1260 2005 1426 2088 iuuamen,
1580 2027 1639 2097 29

553 2123 602 2205 Et,
622 2121 720 2190 tribus
740 2123 890 2211 exceptis,
910 2145 988 2210 quas
1006 2121 1072 2190 dira
1091 2121 1202 2191 fefellit
1220 2123 1326 2204 erinis,

553 2237 702 2305 Finitime
722 2238 877 2326 Ligurum
895 2237 978 2305 uires
998 2237 1074 2306 dant
1092 2236 1232 2326 undique
1250 2256 1373 2328 gentes.

551 2354 622 2422 Nec
641 2354 748 2421 minus
768 2353 883 2422 electas
901 2353 1034 2422 ueniens
1053 2355 1162 2442 regina
1182 2372 1322 2422 cateruas

552 2469 661 2550 Ducit,
679 2468 800 2536 milleni
818 2491 964 2557 proceres
984 2469 1186 2550 comitantur,
1207 2469 1323 2558 etipse

442 2584 453 2603 ⁹
551 2585 627 2651 Dux
647 2583 816 2665 Henricus,
835 2583 902 2651 auis
920 2582 1044 2673 pollens
1063 2602 1094 2651 et
1112 2583 1213 2652 clarus
1231 2585 1265 2650 in
1284 2585 1389 2667 armis,
1580 2611 1639 2679 29

552 2698 664 2779 Quem
683 2722 763 2787 gens
782 2700 949 2767 Saxonum
968 2700 1109 2789 sequitur
1126 2722 1359 2789 procerumque
1378 2722 1528 2788 suorum,

551 2815 613 2882 Hic
631 2838 689 2883 sua
708 2833 806 2882 castra
826 2814 909 2882 locat
928 2815 1091 2904 Pianenge
1110 2817 1256 2904 proxima
1274 2834 1375 2905 porte.

550 2929 648 2999 Filius
667 2929 753 2998 hunc
772 2931 859 2998 iuxta
879 2929 1021 2998 Conradr'
1041 2931 1135 3020 regis,
1156 2931 1188 2997 in
1207 2931 1261 2998 illo

552 3047 716 3136 Tempore
733 3072 816 3137 pene
834 3072 924 3137 puer,
943 3049 1074 3116 setiam
1095 3048 1212 3115 uirtute
1230 3067 1362 3137 patema

549 3160 706 3244 Preditus,
725 3182 855 3252 aspectu
874 3162 1004 3251 pulcher
1022 3162 1188 3251 formaque
1209 3163 1352 3232 decorus.
1575 3188 1643 3257 295

518 3284 522 3292 ’
550 3278 635 3371 Diua
653 3277 764 3366 procul
783 3295 850 3345 tuta
870 3277 1017 3345 sublimis
1034 3279 1067 3344 in
1088 3301 1158 3345 arce
1178 3277 1310 3361 locatur,

548 3394 601 3462 Ne
620 3411 791 3482 conspecta
809 3393 953 3460 animum
973 3392 1043 3460 belli
1064 3391 1243 3460 discrimina
1261 3394 1399 3462 turbent.

514 3604 579 3653 ²9²9·
594 3593 650 3639 Coa.
664 3601 743 3638 exorte
815 3605 885 3652 ²930·
901 3594 957 3641 Cod.
973 3593 1091 3639 recinact'a
1166 3605 1237 3654 ²934·
1252 3594 1308 3640 Cod.
1323 3594 1428 3652 ignotum
1502 3607 1579 3657 ²94⁵·
1603 3608 1627 3637 r

463 3674 519 3721 Cod.
534 3674 583 3721 Sitc
636 3674 710 3734 ²94⁶·
725 3674 782 3720 Cod.
796 3687 889 3731 procero

461 3863 539 3920 2941.
554 3850 633 3904 tribus
647 3849 762 3922 exceptis]
778 3848 866 3903 allude
880 3851 906 3902 ai
920 3849 1046 3903 Milanesi
1107 3853 1258 3918 «exercitu,
1271 3852 1360 3921 primo
1375 3853 1449 3905 venit
1461 3850 1583 3909 Laude...
1608 3864 1614 3879 ·
1643 3892 1650 3901 ·

496 3951 511 3987 e
527 3933 553 3987 ai
568 3933 715 3999 Bresciani,
731 3935 739 3986 i
757 3933 831 4005 quali
849 3943 962 3987 stavano
978 3936 1045 3987 uniti
1106 3956 1119 3986 a
1131 3935 1216 3989 dictus
1235 3936 1300 3989 ver'o
1320 3936 1373 3988 dux
1392 3935 1526 3990 Henricus
1539 3936 1573 3990 ad
1583 3938 1649 3994 obsi

496 4019 522 4071 ai
537 4017 705 4073 Cremaschi.
1105 4021 1242 4074 «dionem
1256 4036 1410 4087 remanens,
1423 4031 1484 4074 ante
1497 4030 1609 4091 portam
1624 4023 1643 4078 d

461 4117 538 4174 2947.
560 4104 712 4158 a...domna
737 4104 891 4173 imperatrix
910 4119 978 4157 uxor
995 4105 1045 4156 im·
1106 4104 1272 4175 «Planengo
1297 4122 1358 4159 cum
1377 4115 1436 4159 toto
1460 4121 1510 4158 suo
1533 4109 1628 4161 exerti

498 4189 679 4259 «peratoris...
690 4205 753 4242 cum
763 4204 813 4241 suo
826 4189 945 4242 exercitu
956 4199 981 4242 et
991 4205 1044 4241 una
1105 4206 1178 4243 «sua
1198 4199 1284 4245 castra
1298 4188 1415 4244 firmavit
1424 4209 1449 4245 a.
1466 4190 1502 4245 Ο.
1518 4189 1630 4247 Motum

497 4286 586 4324 «cum
599 4269 667 4323 duce
681 4269 801 4323 Henrico
814 4269 848 4322 de
861 4269 988 4335 Saxonia,
998 4271 1044 4340 qui
1103 4274 1144 4328 De
1158 4275 1209 4328 rab.
1224 4273 1305 4328 Laud.
1321 4271 1381 4328 612.

497 4357 671 4408 «maximum
690 4355 838 4409 exercitum
856 4370 951 4408 secum
963 4354 1045 4409 duxe—
1069 4373 1145 4429 2952.
1166 4357 1375 4427 rumpentur)
1395 4359 1422 4411 in
1448 4359 1539 4413 vicino
1565 4369 1650 4412 castr

498 4449 570 4504 «rat,
584 4438 616 4490 ad
630 4438 746 4491 eandem
759 4437 929 4491 obsidionem
944 4436 1044 4491 Creme
1104 4443 1240 4495 «nomine
1273 4441 1425 4495 Sanbassan
1453 4442 1647 4496 morabatur»

498 4523 549 4576 «in
568 4523 610 4577 die
630 4523 716 4588 Lune,
731 4539 783 4594 que
799 4520 848 4576 fuit
866 4537 896 4575 12
912 4522 972 4577 Kal.
988 4522 1045 4575 Au·
1102 4525 1252 4579 Rauewrur
1269 4525 1343 4579 Gesta
1362 4525 1525 4596 Prid.1V,§
1543 4539 1583 4595 54.
1599 4525 1647 4580 An

497 4609 600 4679 «gusti,
612 4618 730 4662 venerat.
744 4608 991 4678 Deinde,sequenti
1002 4608 1044 4660 die
1105 4609 1155 4664 cbe
1179 4608 1216 4680 gli
1238 4608 1332 4664 Aianol.
1358 4608 1474 4665 Cremon.
1502 4611 1565 4664 801:
1592 4626 1650 4664 ae

498 4694 642 4748 «Martis...
661 4693 755 4747 relicto
771 4693 805 4746 ibi
822 4693 854 4745 ad
874 4693 1043 4746 obsidionem
1104 4705 1252 4764 «tempore
1271 4695 1365 4765 regina
1389 4695 1475 4748 stabat
1499 4697 1525 4748 in
1550 4692 1649 4749 Sanct·

499 4778 643 4850 «predicto
676 4779 744 4833 duce
780 4778 899 4833 Henrico
932 4779 1044 4849 eiusque
1104 4778 1285 4833 «bartiano».
