<?xml version="1.0" encoding="UTF-8"?>
<!DOCTYPE html PUBLIC "-//W3C//DTD XHTML 1.0 Transitional//EN"
    "http://www.w3.org/TR/xhtml1/DTD/xhtml1-transitional.dtd">
<html xmlns="http://www.w3.org/1999/xhtml" xml:lang="en" lang="en">
 <head>
  <title>
</title>
<meta http-equiv="Content-Type" content="text/html;charset=utf-8" />
  <meta name='ocr-system' content='tesseract 3.04.00' />
  <meta name='ocr-capabilities' content='ocr_page ocr_carea ocr_par ocr_line ocrx_word'/>
</head>
<body>
  <div class='ocr_page' id='page_1' title='image "./gestadifederico00monagoog_0162.png"; bbox 0 0 3300 5796; ppageno 0'>
   <div class='ocr_carea' id='block_1_1' title="bbox 683 493 935 551">
    <p class='ocr_par' dir='ltr' id='par_1_1' title="bbox 683 493 935 551">
     <span class='ocr_line' id='line_1_1' title="bbox 683 493 935 551; baseline -0.016 0"><span class='ocrx_word' id='word_1_1' title='bbox 683 493 935 551; x_wconf 72' lang='lat' dir='ltr'>axoxltto</span> 
     </span>
    </p>
   </div>
   <div class='ocr_carea' id='block_1_2' title="bbox 219 628 390 637">
    <p class='ocr_par' dir='ltr' id='par_1_2' title="bbox 219 628 390 637">
     <span class='ocr_line' id='line_1_2' title="bbox 219 628 390 637; baseline -0.006 -1"><span class='ocrx_word' id='word_1_2' title='bbox 219 628 390 637; x_wconf 51' lang='grc'>*-</span> 
     </span>
    </p>
   </div>
   <div class='ocr_carea' id='block_1_3' title="bbox 350 741 1413 2787">
    <p class='ocr_par' dir='ltr' id='par_1_3' title="bbox 350 741 1017 833">
     <span class='ocr_line' id='line_1_3' title="bbox 350 741 1017 833; baseline -0.013 -19"><span class='ocrx_word' id='word_1_3' title='bbox 350 747 390 814; x_wconf 82' lang='lat' dir='ltr'>Et</span> <span class='ocrx_word' id='word_1_4' title='bbox 407 747 523 833; x_wconf 81' lang='lat' dir='ltr'>pariter</span> <span class='ocrx_word' id='word_1_5' title='bbox 539 744 611 810; x_wconf 88' lang='lat' dir='ltr'>telis</span> <span class='ocrx_word' id='word_1_6' title='bbox 628 767 664 810; x_wconf 88' lang='lat' dir='ltr'>se</span> <span class='ocrx_word' id='word_1_7' title='bbox 680 741 755 809; x_wconf 78' lang='lat' dir='ltr'>sorti</span> <span class='ocrx_word' id='word_1_8' title='bbox 773 760 883 808; x_wconf 88' lang='lat' dir='ltr'>mente</span> <span class='ocrx_word' id='word_1_9' title='bbox 899 759 1017 807; x_wconf 88' lang='lat' dir='ltr'>metur.</span> 
     </span>
    </p>

    <p class='ocr_par' dir='ltr' id='par_1_4' title="bbox 350 855 1238 945">
     <span class='ocr_line' id='line_1_4' title="bbox 350 855 1238 945; baseline -0.008 -17"><span class='ocrx_word' id='word_1_10' title='bbox 350 862 448 928; x_wconf 83' lang='lat' dir='ltr'>Tunc</span> <span class='ocrx_word' id='word_1_11' title='bbox 465 860 552 927; x_wconf 76' lang='lat' dir='ltr'>iubet</span> <span class='ocrx_word' id='word_1_12' title='bbox 570 859 727 926; x_wconf 75' lang='lat' dir='ltr'>excelsam</span> <span class='ocrx_word' id='word_1_13' title='bbox 745 880 893 924; x_wconf 88' lang='lat' dir='ltr'>summus</span> <span class='ocrx_word' id='word_1_14' title='bbox 910 855 1089 945; x_wconf 84' lang='lat' dir='ltr'>producere</span> <span class='ocrx_word' id='word_1_15' title='bbox 1109 856 1238 922; x_wconf 81' lang='lat' dir='ltr'>molem</span> 
     </span>
    </p>

    <p class='ocr_par' dir='ltr' id='par_1_5' title="bbox 351 972 1251 1062">
     <span class='ocr_line' id='line_1_5' title="bbox 351 972 1251 1062; baseline -0.009 -18"><span class='ocrx_word' id='word_1_16' title='bbox 351 979 486 1056; x_wconf 71' lang='lat' dir='ltr'>Duaot,</span> <span class='ocrx_word' id='word_1_17' title='bbox 505 996 541 1042; x_wconf 90' lang='lat' dir='ltr'>ut</span> <span class='ocrx_word' id='word_1_18' title='bbox 558 974 632 1042; x_wconf 88' lang='lat' dir='ltr'>inde</span> <span class='ocrx_word' id='word_1_19' title='bbox 649 993 768 1062; x_wconf 79' lang='lat' dir='ltr'>queant</span> <span class='ocrx_word' id='word_1_20' title='bbox 785 995 932 1061; x_wconf 76' lang='lat' dir='ltr'>proceres</span> <span class='ocrx_word' id='word_1_21' title='bbox 949 973 1141 1058; x_wconf 82' lang='lat' dir='ltr'>irminpere,</span> <span class='ocrx_word' id='word_1_22' title='bbox 1159 972 1251 1037; x_wconf 85' lang='lat' dir='ltr'>iacto</span> 
     </span>
    </p>

    <p class='ocr_par' dir='ltr' id='par_1_6' title="bbox 351 1087 1413 1523">
     <span class='ocr_line' id='line_1_6' title="bbox 351 1087 1251 1179; baseline -0.006 -21"><span class='ocrx_word' id='word_1_23' title='bbox 351 1094 467 1172; x_wconf 85' lang='lat' dir='ltr'>Ponte,</span> <span class='ocrx_word' id='word_1_24' title='bbox 484 1115 579 1179; x_wconf 88' lang='lat' dir='ltr'>super</span> <span class='ocrx_word' id='word_1_25' title='bbox 595 1113 735 1157; x_wconf 91' lang='lat' dir='ltr'>murum.</span> <span class='ocrx_word' id='word_1_26' title='bbox 781 1112 859 1156; x_wconf 85' lang='lat' dir='ltr'>mox</span> <span class='ocrx_word' id='word_1_27' title='bbox 878 1087 999 1155; x_wconf 86' lang='lat' dir='ltr'>uiribus</span> <span class='ocrx_word' id='word_1_28' title='bbox 1012 1106 1081 1152; x_wconf 84' lang='lat' dir='ltr'>acta</span> <span class='ocrx_word' id='word_1_29' title='bbox 1100 1088 1251 1154; x_wconf 90' lang='lat' dir='ltr'>uirorum</span> 
     </span>
     <span class='ocr_line' id='line_1_7' title="bbox 352 1203 1413 1295; baseline -0.006 -20"><span class='ocrx_word' id='word_1_30' title='bbox 352 1207 502 1275; x_wconf 65' lang='lat' dir='ltr'>uentus</span> <span class='ocrx_word' id='word_1_31' title='bbox 520 1208 696 1295; x_wconf 73' lang='lat' dir='ltr'>appropiat,</span> <span class='ocrx_word' id='word_1_32' title='bbox 712 1228 772 1272; x_wconf 87' lang='lat' dir='ltr'>nec</span> <span class='ocrx_word' id='word_1_33' title='bbox 789 1227 862 1271; x_wconf 78' lang='lat' dir='ltr'>eam</span> <span class='ocrx_word' id='word_1_34' title='bbox 879 1203 1048 1291; x_wconf 86' lang='lat' dir='ltr'>pmhibere</span> <span class='ocrx_word' id='word_1_35' title='bbox 1066 1203 1260 1271; x_wconf 83' lang='lat' dir='ltr'>Cremensis</span> <span class='ocrx_word' id='word_1_36' title='bbox 1332 1223 1413 1289; x_wconf 83' lang='lat'>3100</span> 
     </span>
     <span class='ocr_line' id='line_1_8' title="bbox 354 1318 1220 1408; baseline -0.007 -17"><span class='ocrx_word' id='word_1_37' title='bbox 354 1323 465 1391; x_wconf 85' lang='lat' dir='ltr'>Turba</span> <span class='ocrx_word' id='word_1_38' title='bbox 483 1322 578 1402; x_wconf 86' lang='lat' dir='ltr'>ualet,</span> <span class='ocrx_word' id='word_1_39' title='bbox 597 1321 773 1408; x_wconf 73' lang='lat' dir='ltr'>frustraque</span> <span class='ocrx_word' id='word_1_40' title='bbox 790 1343 864 1387; x_wconf 75' lang='lat' dir='ltr'>saras</span> <span class='ocrx_word' id='word_1_41' title='bbox 882 1322 1054 1386; x_wconf 85' lang='lat' dir='ltr'>conamine</span> <span class='ocrx_word' id='word_1_42' title='bbox 1072 1318 1179 1386; x_wconf 82' lang='lat' dir='ltr'>multo</span> <span class='ocrx_word' id='word_1_43' title='bbox 1215 1362 1220 1367; x_wconf 96' lang='lat'>-</span> 
     </span>
     <span class='ocr_line' id='line_1_9' title="bbox 353 1436 1185 1523; baseline -0.006 -18"><span class='ocrx_word' id='word_1_44' title='bbox 353 1438 526 1506; x_wconf 83' lang='lat' dir='ltr'><strong>Consumit</strong></span> <span class='ocrx_word' id='word_1_45' title='bbox 545 1439 637 1503; x_wconf 89' lang='lat' dir='ltr'>uires.</span> <span class='ocrx_word' id='word_1_46' title='bbox 674 1454 808 1523; x_wconf 89' lang='lat' dir='ltr'>pontem</span> <span class='ocrx_word' id='word_1_47' title='bbox 827 1454 936 1502; x_wconf 88' lang='lat' dir='ltr'>tamen</span> <span class='ocrx_word' id='word_1_48' title='bbox 954 1436 1081 1501; x_wconf 88' lang='lat' dir='ltr'>eminus</span> <span class='ocrx_word' id='word_1_49' title='bbox 1098 1455 1185 1500; x_wconf 86' lang='lat' dir='ltr'>arcet</span> 
     </span>
    </p>

    <p class='ocr_par' dir='ltr' id='par_1_7' title="bbox 354 1549 1303 2097">
     <span class='ocr_line' id='line_1_10' title="bbox 355 1549 1227 1620; baseline -0.005 0"><span class='ocrx_word' id='word_1_50' title='bbox 355 1555 394 1620; x_wconf 86' lang='lat' dir='ltr'>Et</span> <span class='ocrx_word' id='word_1_51' title='bbox 417 1572 502 1618; x_wconf 85' lang='lat' dir='ltr'>uetat</span> <span class='ocrx_word' id='word_1_52' title='bbox 521 1551 674 1618; x_wconf 78' lang='lat' dir='ltr'>audacem</span> <span class='ocrx_word' id='word_1_53' title='bbox 693 1574 823 1617; x_wconf 91' lang='lat' dir='ltr'>murum</span> <span class='ocrx_word' id='word_1_54' title='bbox 841 1549 1056 1616; x_wconf 84' lang='lat' dir='ltr'>conscendere</span> <span class='ocrx_word' id='word_1_55' title='bbox 1073 1568 1227 1616; x_wconf 84' lang='lat' dir='ltr'>turmam.</span> 
     </span>
     <span class='ocr_line' id='line_1_11' title="bbox 354 1662 1155 1754; baseline -0.002 -22"><span class='ocrx_word' id='word_1_56' title='bbox 354 1665 504 1754; x_wconf 76' lang='lat' dir='ltr'>Vndique</span> <span class='ocrx_word' id='word_1_57' title='bbox 522 1688 598 1730; x_wconf 85' lang='lat' dir='ltr'>saxa</span> <span class='ocrx_word' id='word_1_58' title='bbox 616 1666 727 1731; x_wconf 84' lang='lat' dir='ltr'>nolant</span> <span class='ocrx_word' id='word_1_59' title='bbox 746 1666 848 1730; x_wconf 86' lang='lat' dir='ltr'>inuise</span> <span class='ocrx_word' id='word_1_60' title='bbox 866 1662 1029 1751; x_wconf 84' lang='lat' dir='ltr'>grandinis</span> <span class='ocrx_word' id='word_1_61' title='bbox 1046 1665 1155 1744; x_wconf 87' lang='lat' dir='ltr'>instar,</span> 
     </span>
     <span class='ocr_line' id='line_1_12' title="bbox 354 1778 1202 1866; baseline -0.004 -18"><span class='ocrx_word' id='word_1_62' title='bbox 354 1782 490 1849; x_wconf 77' lang='lat' dir='ltr'>Nullum</span> <span class='ocrx_word' id='word_1_63' title='bbox 508 1781 647 1847; x_wconf 89' lang='lat' dir='ltr'>telomm</span> <span class='ocrx_word' id='word_1_64' title='bbox 666 1800 768 1846; x_wconf 85' lang='lat' dir='ltr'>cessat</span> <span class='ocrx_word' id='word_1_65' title='bbox 785 1801 900 1866; x_wconf 85' lang='lat' dir='ltr'>genus,</span> <span class='ocrx_word' id='word_1_66' title='bbox 917 1780 1025 1845; x_wconf 85' lang='lat' dir='ltr'>omnis</span> <span class='ocrx_word' id='word_1_67' title='bbox 1042 1778 1082 1845; x_wconf 91' lang='lat' dir='ltr'>ad</span> <span class='ocrx_word' id='word_1_68' title='bbox 1101 1780 1202 1845; x_wconf 74' lang='lat' dir='ltr'>inum</span> 
     </span>
     <span class='ocr_line' id='line_1_13' title="bbox 355 1892 1303 1983; baseline -0.003 -21"><span class='ocrx_word' id='word_1_69' title='bbox 355 1897 509 1983; x_wconf 86' lang='lat' dir='ltr'>Prompta</span> <span class='ocrx_word' id='word_1_70' title='bbox 526 1919 652 1974; x_wconf 88' lang='lat' dir='ltr'>manus,</span> <span class='ocrx_word' id='word_1_71' title='bbox 670 1894 859 1982; x_wconf 81' lang='lat' dir='ltr'>nullumque</span> <span class='ocrx_word' id='word_1_72' title='bbox 877 1893 968 1960; x_wconf 84' lang='lat' dir='ltr'>labor</span> <span class='ocrx_word' id='word_1_73' title='bbox 984 1893 1035 1960; x_wconf 91' lang='lat' dir='ltr'>uel</span> <span class='ocrx_word' id='word_1_74' title='bbox 1053 1893 1171 1960; x_wconf 86' lang='lat' dir='ltr'>inercia</span> <span class='ocrx_word' id='word_1_75' title='bbox 1188 1892 1303 1960; x_wconf 84' lang='lat' dir='ltr'>tardat.</span> 
     </span>
     <span class='ocr_line' id='line_1_14' title="bbox 357 2008 1097 2097; baseline -0.005 -19"><span class='ocrx_word' id='word_1_76' title='bbox 357 2013 546 2078; x_wconf 83' lang='lat' dir='ltr'>Discurrunt</span> <span class='ocrx_word' id='word_1_77' title='bbox 564 2011 696 2076; x_wconf 80' lang='lat' dir='ltr'>iuuenes</span> <span class='ocrx_word' id='word_1_78' title='bbox 714 2032 770 2096; x_wconf 82' lang='lat' dir='ltr'>pe:</span> <span class='ocrx_word' id='word_1_79' title='bbox 787 2008 1027 2097; x_wconf 69' lang='lat' dir='ltr'>propugnacula</span> <span class='ocrx_word' id='word_1_80' title='bbox 1043 2008 1097 2074; x_wconf 90' lang='lat' dir='ltr'>leti</span> 
     </span>
    </p>

    <p class='ocr_par' dir='ltr' id='par_1_8' title="bbox 358 2124 1125 2212">
     <span class='ocr_line' id='line_1_15' title="bbox 358 2124 1125 2212; baseline -0.004 -20"><span class='ocrx_word' id='word_1_81' title='bbox 358 2128 397 2192; x_wconf 82' lang='lat' dir='ltr'>Et</span> <span class='ocrx_word' id='word_1_82' title='bbox 416 2127 536 2192; x_wconf 74' lang='lat' dir='ltr'>uariam</span> <span class='ocrx_word' id='word_1_83' title='bbox 554 2128 640 2191; x_wconf 85' lang='lat' dir='ltr'>uices</span> <span class='ocrx_word' id='word_1_84' title='bbox 658 2124 800 2212; x_wconf 85' lang='lat' dir='ltr'>gaudent</span> <span class='ocrx_word' id='word_1_85' title='bbox 818 2125 1016 2212; x_wconf 83' lang='lat' dir='ltr'>patriamque</span> <span class='ocrx_word' id='word_1_86' title='bbox 1033 2126 1125 2190; x_wconf 81' lang='lat' dir='ltr'>tueri.</span> 
     </span>
    </p>

    <p class='ocr_par' dir='ltr' id='par_1_9' title="bbox 356 2237 1136 2318">
     <span class='ocr_line' id='line_1_16' title="bbox 356 2237 1136 2318; baseline -0.001 -13"><span class='ocrx_word' id='word_1_87' title='bbox 356 2242 402 2307; x_wconf 77' lang='lat' dir='ltr'>Vt</span> <span class='ocrx_word' id='word_1_88' title='bbox 421 2263 498 2308; x_wconf 92' lang='lat' dir='ltr'>uero</span> <span class='ocrx_word' id='word_1_89' title='bbox 516 2264 534 2306; x_wconf 90' lang='lat' dir='ltr'>e</span> <span class='ocrx_word' id='word_1_90' title='bbox 552 2262 684 2306; x_wconf 90' lang='lat' dir='ltr'>summo</span> <span class='ocrx_word' id='word_1_91' title='bbox 702 2239 845 2306; x_wconf 82' lang='lat' dir='ltr'>sublimis</span> <span class='ocrx_word' id='word_1_92' title='bbox 863 2239 1003 2305; x_wconf 83' lang='lat' dir='ltr'>culmine</span> <span class='ocrx_word' id='word_1_93' title='bbox 1021 2237 1136 2318; x_wconf 86' lang='lat' dir='ltr'>moles,</span> 
     </span>
    </p>

    <p class='ocr_par' dir='ltr' id='par_1_10' title="bbox 359 2353 1116 2440">
     <span class='ocr_line' id='line_1_17' title="bbox 359 2353 1116 2440; baseline -0.004 -19"><span class='ocrx_word' id='word_1_94' title='bbox 359 2355 477 2421; x_wconf 87' lang='lat' dir='ltr'>Crebra</span> <span class='ocrx_word' id='word_1_95' title='bbox 495 2355 583 2422; x_wconf 91' lang='lat' dir='ltr'>uelut</span> <span class='ocrx_word' id='word_1_96' title='bbox 600 2355 669 2421; x_wconf 86' lang='lat' dir='ltr'>celo</span> <span class='ocrx_word' id='word_1_97' title='bbox 688 2355 848 2421; x_wconf 84' lang='lat' dir='ltr'>uenientia</span> <span class='ocrx_word' id='word_1_98' title='bbox 868 2353 1013 2433; x_wconf 78' lang='lat' dir='ltr'>fulmina,</span> <span class='ocrx_word' id='word_1_99' title='bbox 1033 2354 1116 2440; x_wconf 85' lang='lat' dir='ltr'>cepit</span> 
     </span>
    </p>

    <p class='ocr_par' dir='ltr' id='par_1_11' title="bbox 359 2469 1147 2559">
     <span class='ocr_line' id='line_1_18' title="bbox 359 2469 1147 2559; baseline -0.001 -23"><span class='ocrx_word' id='word_1_100' title='bbox 359 2470 504 2537; x_wconf 84' lang='lat' dir='ltr'>Fundere</span> <span class='ocrx_word' id='word_1_101' title='bbox 521 2471 584 2537; x_wconf 86' lang='lat' dir='ltr'>tela</span> <span class='ocrx_word' id='word_1_102' title='bbox 602 2495 696 2559; x_wconf 90' lang='lat' dir='ltr'>super</span> <span class='ocrx_word' id='word_1_103' title='bbox 713 2493 841 2537; x_wconf 91' lang='lat' dir='ltr'>necnon</span> <span class='ocrx_word' id='word_1_104' title='bbox 861 2491 893 2536; x_wconf 92' lang='lat' dir='ltr'>et</span> <span class='ocrx_word' id='word_1_105' title='bbox 911 2469 1043 2557; x_wconf 75' lang='lat' dir='ltr'>grandia</span> <span class='ocrx_word' id='word_1_106' title='bbox 1061 2492 1147 2549; x_wconf 82' lang='lat' dir='ltr'>saxa,</span> 
     </span>
    </p>

    <p class='ocr_par' dir='ltr' id='par_1_12' title="bbox 359 2584 1339 2787">
     <span class='ocr_line' id='line_1_19' title="bbox 359 2584 1339 2673; baseline 0.001 -25"><span class='ocrx_word' id='word_1_107' title='bbox 359 2585 481 2672; x_wconf 85' lang='lat' dir='ltr'>Perque</span> <span class='ocrx_word' id='word_1_108' title='bbox 501 2585 654 2651; x_wconf 88' lang='lat' dir='ltr'>Cremam</span> <span class='ocrx_word' id='word_1_109' title='bbox 673 2587 792 2672; x_wconf 86' lang='lat' dir='ltr'>passim</span> <span class='ocrx_word' id='word_1_110' title='bbox 809 2584 978 2673; x_wconf 87' lang='lat' dir='ltr'>percellere</span> <span class='ocrx_word' id='word_1_111' title='bbox 996 2606 1142 2671; x_wconf 87' lang='lat' dir='ltr'>quosque</span> <span class='ocrx_word' id='word_1_112' title='bbox 1160 2604 1339 2670; x_wconf 52' lang='lat' dir='ltr'>uagantem</span> 
     </span>
     <span class='ocr_line' id='line_1_20' title="bbox 360 2698 1214 2787; baseline 0 -22"><span class='ocrx_word' id='word_1_113' title='bbox 360 2698 522 2766; x_wconf 85' lang='lat' dir='ltr'>Turbatur</span> <span class='ocrx_word' id='word_1_114' title='bbox 540 2702 677 2787; x_wconf 86' lang='lat' dir='ltr'>grauiter</span> <span class='ocrx_word' id='word_1_115' title='bbox 695 2701 831 2766; x_wconf 89' lang='lat' dir='ltr'>nimium</span> <span class='ocrx_word' id='word_1_116' title='bbox 850 2700 952 2766; x_wconf 93' lang='lat' dir='ltr'>modo</span> <span class='ocrx_word' id='word_1_117' title='bbox 970 2701 1034 2765; x_wconf 81' lang='lat' dir='ltr'>leta</span> <span class='ocrx_word' id='word_1_118' title='bbox 1052 2701 1214 2777; x_wconf 78' lang='lat' dir='ltr'>iuuenttrs,</span> 
     </span>
    </p>
   </div>
   <div class='ocr_carea' id='block_1_4' title="bbox 1333 1799 1411 1863">
    <p class='ocr_par' dir='ltr' id='par_1_13' title="bbox 1333 1799 1411 1863">
     <span class='ocr_line' id='line_1_21' title="bbox 1333 1799 1411 1863; baseline 0 0"><span class='ocrx_word' id='word_1_119' title='bbox 1333 1799 1411 1863; x_wconf 78' lang='lat'>3105</span> 
     </span>
    </p>
   </div>
   <div class='ocr_carea' id='block_1_5' title="bbox 1334 2373 1418 2439">
    <p class='ocr_par' dir='ltr' id='par_1_14' title="bbox 1334 2373 1418 2439">
     <span class='ocr_line' id='line_1_22' title="bbox 1334 2373 1418 2439; baseline 0 -22"><span class='ocrx_word' id='word_1_120' title='bbox 1334 2373 1418 2439; x_wconf 78' lang='lat'>3110</span> 
     </span>
    </p>
   </div>
   <div class='ocr_carea' id='block_1_6' title="bbox 361 2815 1257 3593">
    <p class='ocr_par' dir='ltr' id='par_1_15' title="bbox 361 2815 1257 3593">
     <span class='ocr_line' id='line_1_23' title="bbox 361 2815 1144 2903; baseline -0.001 -22"><span class='ocrx_word' id='word_1_121' title='bbox 361 2815 523 2881; x_wconf 87' lang='lat' dir='ltr'>Turbatur</span> <span class='ocrx_word' id='word_1_122' title='bbox 540 2815 676 2903; x_wconf 80' lang='lat' dir='ltr'>populus</span> <span class='ocrx_word' id='word_1_123' title='bbox 694 2839 751 2882; x_wconf 90' lang='lat' dir='ltr'>sua</span> <span class='ocrx_word' id='word_1_124' title='bbox 770 2817 856 2883; x_wconf 88' lang='lat' dir='ltr'>uinci</span> <span class='ocrx_word' id='word_1_125' title='bbox 875 2817 982 2882; x_wconf 89' lang='lat' dir='ltr'>menia</span> <span class='ocrx_word' id='word_1_126' title='bbox 1000 2837 1144 2895; x_wconf 77' lang='lat' dir='ltr'>remens,</span> 
     </span>
     <span class='ocr_line' id='line_1_24' title="bbox 362 2931 1130 3019; baseline -0.007 -19"><span class='ocrx_word' id='word_1_127' title='bbox 362 2933 512 3000; x_wconf 88' lang='lat' dir='ltr'>Rectores</span> <span class='ocrx_word' id='word_1_128' title='bbox 530 2933 626 2997; x_wconf 83' lang='lat' dir='ltr'>etiam</span> <span class='ocrx_word' id='word_1_129' title='bbox 645 2931 759 3019; x_wconf 88' lang='lat' dir='ltr'>trepidi</span> <span class='ocrx_word' id='word_1_130' title='bbox 778 2932 949 2998; x_wconf 85' lang='lat' dir='ltr'>formidine</span> <span class='ocrx_word' id='word_1_131' title='bbox 968 2951 1130 2998; x_wconf 81' lang='lat' dir='ltr'>mussant:</span> 
     </span>
     <span class='ocr_line' id='line_1_25' title="bbox 361 3045 1250 3134; baseline -0.004 -19"><span class='ocrx_word' id='word_1_132' title='bbox 361 3049 490 3134; x_wconf 79' lang='lat' dir='ltr'>Nempe</span> <span class='ocrx_word' id='word_1_133' title='bbox 510 3046 619 3113; x_wconf 89' lang='lat' dir='ltr'>uident</span> <span class='ocrx_word' id='word_1_134' title='bbox 638 3048 757 3114; x_wconf 87' lang='lat' dir='ltr'>multos</span> <span class='ocrx_word' id='word_1_135' title='bbox 776 3047 958 3114; x_wconf 83' lang='lat' dir='ltr'>miserando</span> <span class='ocrx_word' id='word_1_136' title='bbox 976 3045 1168 3113; x_wconf 80' lang='lat' dir='ltr'>occumbere</span> <span class='ocrx_word' id='word_1_137' title='bbox 1185 3045 1250 3112; x_wconf 78' lang='lat' dir='ltr'>leto</span> 
     </span>
     <span class='ocr_line' id='line_1_26' title="bbox 361 3158 1246 3250; baseline 0.001 -25"><span class='ocrx_word' id='word_1_138' title='bbox 361 3161 616 3248; x_wconf 65' lang='lat' dir='ltr'>vulneribusque</span> <span class='ocrx_word' id='word_1_139' title='bbox 636 3185 749 3248; x_wconf 85' lang='lat' dir='ltr'>graues</span> <span class='ocrx_word' id='word_1_140' title='bbox 769 3161 888 3228; x_wconf 85' lang='lat' dir='ltr'>multos</span> <span class='ocrx_word' id='word_1_141' title='bbox 904 3185 971 3228; x_wconf 90' lang='lat' dir='ltr'>non</span> <span class='ocrx_word' id='word_1_142' title='bbox 990 3183 1084 3250; x_wconf 87' lang='lat' dir='ltr'>posse</span> <span class='ocrx_word' id='word_1_143' title='bbox 1104 3158 1246 3226; x_wconf 87' lang='lat' dir='ltr'>laborem</span> 
     </span>
     <span class='ocr_line' id='line_1_27' title="bbox 361 3276 1257 3365; baseline -0.002 -23"><span class='ocrx_word' id='word_1_144' title='bbox 361 3278 454 3343; x_wconf 76' lang='lat' dir='ltr'>Perre</span> <span class='ocrx_word' id='word_1_145' title='bbox 474 3300 533 3342; x_wconf 90' lang='lat' dir='ltr'>nec</span> <span class='ocrx_word' id='word_1_146' title='bbox 552 3277 703 3343; x_wconf 82' lang='lat' dir='ltr'>auxilium</span> <span class='ocrx_word' id='word_1_147' title='bbox 723 3278 812 3343; x_wconf 86' lang='lat' dir='ltr'>sotiis</span> <span class='ocrx_word' id='word_1_148' title='bbox 831 3276 915 3358; x_wconf 90' lang='lat' dir='ltr'>dare,</span> <span class='ocrx_word' id='word_1_149' title='bbox 935 3296 1040 3343; x_wconf 88' lang='lat' dir='ltr'>morte</span> <span class='ocrx_word' id='word_1_150' title='bbox 1059 3278 1257 3365; x_wconf 83' lang='lat' dir='ltr'>propinqua3</span> 
     </span>
     <span class='ocr_line' id='line_1_28' title="bbox 362 3389 1154 3477; baseline -0.003 -21"><span class='ocrx_word' id='word_1_151' title='bbox 362 3391 431 3456; x_wconf 92' lang='lat' dir='ltr'>Iam</span> <span class='ocrx_word' id='word_1_152' title='bbox 451 3391 585 3477; x_wconf 77' lang='lat' dir='ltr'>uigilum</span> <span class='ocrx_word' id='word_1_153' title='bbox 604 3414 724 3458; x_wconf 85' lang='lat' dir='ltr'>cessare</span> <span class='ocrx_word' id='word_1_154' title='bbox 744 3392 839 3471; x_wconf 77' lang='lat' dir='ltr'>nicee,</span> <span class='ocrx_word' id='word_1_155' title='bbox 859 3391 922 3456; x_wconf 88' lang='lat' dir='ltr'>iam</span> <span class='ocrx_word' id='word_1_156' title='bbox 942 3389 1023 3456; x_wconf 85' lang='lat' dir='ltr'>bella</span> <span class='ocrx_word' id='word_1_157' title='bbox 1042 3391 1154 3456; x_wconf 91' lang='lat' dir='ltr'>timere</span> 
     </span>
     <span class='ocr_line' id='line_1_29' title="bbox 362 3503 1188 3593; baseline 0 -23"><span class='ocrx_word' id='word_1_158' title='bbox 362 3503 508 3571; x_wconf 82' lang='lat' dir='ltr'>Audaces</span> <span class='ocrx_word' id='word_1_159' title='bbox 527 3508 666 3593; x_wconf 88' lang='lat' dir='ltr'>primum</span> <span class='ocrx_word' id='word_1_160' title='bbox 686 3508 817 3573; x_wconf 88' lang='lat' dir='ltr'>iuuenes</span> <span class='ocrx_word' id='word_1_161' title='bbox 836 3505 927 3572; x_wconf 89' lang='lat' dir='ltr'>etad</span> <span class='ocrx_word' id='word_1_162' title='bbox 946 3528 1033 3571; x_wconf 88' lang='lat' dir='ltr'>arma</span> <span class='ocrx_word' id='word_1_163' title='bbox 1051 3524 1188 3591; x_wconf 83' lang='lat' dir='ltr'>paratos,</span> 
     </span>
    </p>
   </div>
   <div class='ocr_carea' id='block_1_7' title="bbox 1338 2952 1421 3016">
    <p class='ocr_par' dir='ltr' id='par_1_16' title="bbox 1338 2952 1421 3016">
     <span class='ocr_line' id='line_1_30' title="bbox 1338 2952 1421 3016; baseline -0.012 0"><span class='ocrx_word' id='word_1_164' title='bbox 1338 2952 1421 3016; x_wconf 81' lang='lat'>3¹¹5</span> 
     </span>
    </p>
   </div>
   <div class='ocr_carea' id='block_1_8' title="bbox 1335 3526 1426 3591">
    <p class='ocr_par' dir='ltr' id='par_1_17' title="bbox 1335 3526 1426 3591">
     <span class='ocr_line' id='line_1_31' title="bbox 1335 3526 1426 3591; baseline 0.011 -19"><span class='ocrx_word' id='word_1_165' title='bbox 1335 3526 1426 3591; x_wconf 80' lang='lat'>31²⁰</span> 
     </span>
    </p>
   </div>
   <div class='ocr_carea' id='block_1_9' title="bbox 234 3750 1426 3824">
    <p class='ocr_par' dir='ltr' id='par_1_18' title="bbox 234 3750 1426 3824">
     <span class='ocr_line' id='line_1_32' title="bbox 234 3750 1426 3824; baseline -0.006 -12"><span class='ocrx_word' id='word_1_166' title='bbox 234 3751 530 3824; x_wconf 60' lang='lat' dir='ltr'>3098·9¹&#39;ac10p0n1e]</span> <span class='ocrx_word' id='word_1_167' title='bbox 552 3753 639 3824; x_wconf 74' lang='lat' dir='ltr'>«Ipse</span> <span class='ocrx_word' id='word_1_168' title='bbox 656 3770 723 3807; x_wconf 76' lang='lat' dir='ltr'>vero</span> <span class='ocrx_word' id='word_1_169' title='bbox 745 3754 816 3807; x_wconf 80' lang='lat' dir='ltr'>Mar·</span> <span class='ocrx_word' id='word_1_170' title='bbox 875 3755 983 3824; x_wconf 77' lang='lat' dir='ltr'>«ipsius</span> <span class='ocrx_word' id='word_1_171' title='bbox 1001 3755 1081 3806; x_wconf 83' lang='lat' dir='ltr'>castri</span> <span class='ocrx_word' id='word_1_172' title='bbox 1099 3766 1268 3822; x_wconf 69' lang='lat' dir='ltr'>processerat</span> <span class='ocrx_word' id='word_1_173' title='bbox 1278 3750 1426 3805; x_wconf 79' lang='lat' dir='ltr'>fossamm-</span> 
     </span>
    </p>
   </div>
   <div class='ocr_carea' id='block_1_10' title="bbox 267 3837 816 4497">
    <p class='ocr_par' dir='ltr' id='par_1_19' title="bbox 267 3837 816 4497">
     <span class='ocr_line' id='line_1_33' title="bbox 267 3837 815 3908; baseline 0.013 -23"><span class='ocrx_word' id='word_1_174' title='bbox 267 3837 401 3902; x_wconf 77' lang='lat' dir='ltr'>«chirius,</span> <span class='ocrx_word' id='word_1_175' title='bbox 420 3839 529 3908; x_wconf 86' lang='lat' dir='ltr'>quando</span> <span class='ocrx_word' id='word_1_176' title='bbox 548 3839 581 3892; x_wconf 89' lang='lat' dir='ltr'>de</span> <span class='ocrx_word' id='word_1_177' title='bbox 606 3838 707 3893; x_wconf 90' lang='lat' dir='ltr'>Crema</span> <span class='ocrx_word' id='word_1_178' title='bbox 726 3842 815 3903; x_wconf 69' lang='lat' dir='ltr'>exixit,</span> 
     </span>
     <span class='ocr_line' id='line_1_34' title="bbox 268 3923 815 3992; baseline 0.011 -21"><span class='ocrx_word' id='word_1_179' title='bbox 268 3942 282 3971; x_wconf 79' lang='lat' dir='ltr'>a</span> <span class='ocrx_word' id='word_1_180' title='bbox 293 3925 382 3976; x_wconf 82' lang='lat' dir='ltr'>statim</span> <span class='ocrx_word' id='word_1_181' title='bbox 405 3923 541 3992; x_wconf 79' lang='lat' dir='ltr'>quandam</span> <span class='ocrx_word' id='word_1_182' title='bbox 566 3940 644 3976; x_wconf 84' lang='lat' dir='ltr'>suam</span> <span class='ocrx_word' id='word_1_183' title='bbox 663 3923 815 3977; x_wconf 74' lang='lat' dir='ltr'>mitabssem</span> 
     </span>
     <span class='ocr_line' id='line_1_35' title="bbox 268 4005 814 4077; baseline 0.011 -24"><span class='ocrx_word' id='word_1_184' title='bbox 268 4027 282 4053; x_wconf 75' lang='lat' dir='ltr'>a</span> <span class='ocrx_word' id='word_1_185' title='bbox 293 4005 448 4060; x_wconf 89' lang='lat' dir='ltr'>machinam</span> <span class='ocrx_word' id='word_1_186' title='bbox 464 4022 497 4057; x_wconf 86' lang='lat' dir='ltr'>ex</span> <span class='ocrx_word' id='word_1_187' title='bbox 515 4006 595 4077; x_wconf 81' lang='lat' dir='ltr'>lignis</span> <span class='ocrx_word' id='word_1_188' title='bbox 610 4006 757 4070; x_wconf 73' lang='lat' dir='ltr'>fabricavit,</span> <span class='ocrx_word' id='word_1_189' title='bbox 772 4024 814 4060; x_wconf 86' lang='lat' dir='ltr'>su-</span> 
     </span>
     <span class='ocr_line' id='line_1_36' title="bbox 269 4091 815 4161; baseline 0.009 -23"><span class='ocrx_word' id='word_1_190' title='bbox 269 4105 439 4160; x_wconf 85' lang='lat' dir='ltr'>«perquam</span> <span class='ocrx_word' id='word_1_191' title='bbox 463 4091 600 4159; x_wconf 87' lang='lat' dir='ltr'>quendam</span> <span class='ocrx_word' id='word_1_192' title='bbox 623 4103 736 4160; x_wconf 85' lang='lat' dir='ltr'>pontem</span> <span class='ocrx_word' id='word_1_193' title='bbox 755 4091 815 4161; x_wconf 89' lang='lat' dir='ltr'>plus</span> 
     </span>
     <span class='ocr_line' id='line_1_37' title="bbox 268 4174 816 4245; baseline 0.009 -19"><span class='ocrx_word' id='word_1_194' title='bbox 268 4175 469 4245; x_wconf 65' lang='lat' dir='ltr'>“quadraginta</span> <span class='ocrx_word' id='word_1_195' title='bbox 495 4174 618 4240; x_wconf 85' lang='lat' dir='ltr'>brachiis,</span> <span class='ocrx_word' id='word_1_196' title='bbox 637 4178 747 4230; x_wconf 86' lang='lat' dir='ltr'>nemine</span> <span class='ocrx_word' id='word_1_197' title='bbox 768 4177 816 4231; x_wconf 79' lang='lat' dir='ltr'>sibi</span> 
     </span>
     <span class='ocr_line' id='line_1_38' title="bbox 269 4257 815 4329; baseline 0.016 -24"><span class='ocrx_word' id='word_1_198' title='bbox 269 4277 283 4305; x_wconf 73' lang='lat' dir='ltr'>a</span> <span class='ocrx_word' id='word_1_199' title='bbox 294 4257 597 4324; x_wconf 81' lang='lat' dir='ltr'>contradicerevalente,</span> <span class='ocrx_word' id='word_1_200' title='bbox 603 4271 710 4329; x_wconf 87' lang='lat' dir='ltr'>poterat</span> <span class='ocrx_word' id='word_1_201' title='bbox 718 4260 815 4314; x_wconf 89' lang='lat' dir='ltr'>eicere.</span> 
     </span>
     <span class='ocr_line' id='line_1_39' title="bbox 270 4339 815 4410; baseline 0.018 -23"><span class='ocrx_word' id='word_1_202' title='bbox 270 4360 283 4387; x_wconf 77' lang='lat' dir='ltr'>u</span> <span class='ocrx_word' id='word_1_203' title='bbox 295 4339 367 4393; x_wconf 89' lang='lat' dir='ltr'>Cum</span> <span class='ocrx_word' id='word_1_204' title='bbox 382 4342 438 4410; x_wconf 85' lang='lat' dir='ltr'>ipse</span> <span class='ocrx_word' id='word_1_205' title='bbox 452 4339 612 4394; x_wconf 61' lang='lat' dir='ltr'>⁴iiarchisius</span> <span class='ocrx_word' id='word_1_206' title='bbox 622 4359 699 4395; x_wconf 87' lang='lat' dir='ltr'>suam</span> <span class='ocrx_word' id='word_1_207' title='bbox 712 4343 815 4397; x_wconf 75' lang='lat' dir='ltr'>macid-</span> 
     </span>
     <span class='ocr_line' id='line_1_40' title="bbox 268 4429 815 4497; baseline 0.009 -20"><span class='ocrx_word' id='word_1_208' title='bbox 268 4444 282 4469; x_wconf 72' lang='grc' dir='ltr'><em>υ</em></span> <span class='ocrx_word' id='word_1_209' title='bbox 294 4439 358 4477; x_wconf 84' lang='lat' dir='ltr'>nam</span> <span class='ocrx_word' id='word_1_210' title='bbox 374 4440 506 4495; x_wconf 85' lang='lat' dir='ltr'>suumque</span> <span class='ocrx_word' id='word_1_211' title='bbox 519 4437 631 4494; x_wconf 86' lang='lat' dir='ltr'>pontem</span> <span class='ocrx_word' id='word_1_212' title='bbox 642 4429 743 4497; x_wconf 87' lang='lat' dir='ltr'>optime</span> <span class='ocrx_word' id='word_1_213' title='bbox 760 4445 815 4482; x_wconf 85' lang='lat' dir='ltr'>cra·</span> 
     </span>
    </p>
   </div>
   <div class='ocr_carea' id='block_1_11' title="bbox 874 3836 1428 4495">
    <p class='ocr_par' dir='ltr' id='par_1_20' title="bbox 874 3836 1428 4495">
     <span class='ocr_line' id='line_1_41' title="bbox 874 3836 1426 3909; baseline 0.004 -22"><span class='ocrx_word' id='word_1_214' title='bbox 874 3860 889 3887; x_wconf 74' lang='lat' dir='ltr'>a</span> <span class='ocrx_word' id='word_1_215' title='bbox 899 3855 953 3908; x_wconf 92' lang='lat' dir='ltr'>que</span> <span class='ocrx_word' id='word_1_216' title='bbox 965 3839 999 3891; x_wconf 83' lang='lat' dir='ltr'>ab</span> <span class='ocrx_word' id='word_1_217' title='bbox 1013 3855 1067 3892; x_wconf 82' lang='lat' dir='ltr'>una</span> <span class='ocrx_word' id='word_1_218' title='bbox 1079 3850 1155 3908; x_wconf 82' lang='lat' dir='ltr'>parte</span> <span class='ocrx_word' id='word_1_219' title='bbox 1167 3854 1253 3909; x_wconf 86' lang='lat' dir='ltr'>usque</span> <span class='ocrx_word' id='word_1_220' title='bbox 1266 3836 1300 3890; x_wconf 86' lang='lat' dir='ltr'>ad</span> <span class='ocrx_word' id='word_1_221' title='bbox 1310 3837 1426 3890; x_wconf 82' lang='lat' dir='ltr'>alteram</span> 
     </span>
     <span class='ocr_line' id='line_1_42' title="bbox 875 3922 1426 3994; baseline 0.007 -22"><span class='ocrx_word' id='word_1_222' title='bbox 875 3943 889 3972; x_wconf 75' lang='lat' dir='ltr'>r</span> <span class='ocrx_word' id='word_1_223' title='bbox 899 3923 980 3992; x_wconf 75' lang='lat' dir='ltr'>lignis</span> <span class='ocrx_word' id='word_1_224' title='bbox 995 3936 1022 3976; x_wconf 88' lang='lat' dir='ltr'>et</span> <span class='ocrx_word' id='word_1_225' title='bbox 1039 3934 1110 3976; x_wconf 85' lang='lat' dir='ltr'>terra</span> <span class='ocrx_word' id='word_1_226' title='bbox 1128 3922 1286 3994; x_wconf 71' lang='lat' dir='ltr'>impleuerat</span> <span class='ocrx_word' id='word_1_227' title='bbox 1304 3934 1333 3976; x_wconf 91' lang='lat' dir='ltr'>et</span> <span class='ocrx_word' id='word_1_228' title='bbox 1350 3925 1426 3976; x_wconf 67' lang='lat' dir='ltr'>iiam</span> 
     </span>
     <span class='ocr_line' id='line_1_43' title="bbox 874 4005 1428 4077; baseline 0.009 -22"><span class='ocrx_word' id='word_1_229' title='bbox 874 4007 1010 4077; x_wconf 73' lang='lat' dir='ltr'>«planam</span> <span class='ocrx_word' id='word_1_230' title='bbox 1035 4019 1114 4077; x_wconf 88' lang='lat' dir='ltr'>atque</span> <span class='ocrx_word' id='word_1_231' title='bbox 1132 4007 1216 4059; x_wconf 84' lang='lat' dir='ltr'>latam</span> <span class='ocrx_word' id='word_1_232' title='bbox 1239 4005 1350 4072; x_wconf 81' lang='lat' dir='ltr'>fecerat,</span> <span class='ocrx_word' id='word_1_233' title='bbox 1378 4023 1428 4076; x_wconf 90' lang='lat' dir='ltr'>per</span> 
     </span>
     <span class='ocr_line' id='line_1_44' title="bbox 875 4089 1428 4161; baseline 0.007 -22"><span class='ocrx_word' id='word_1_234' title='bbox 875 4113 890 4139; x_wconf 67' lang='lat' dir='ltr'>a</span> <span class='ocrx_word' id='word_1_235' title='bbox 900 4106 983 4161; x_wconf 84' lang='lat' dir='ltr'>quam</span> <span class='ocrx_word' id='word_1_236' title='bbox 998 4089 1176 4144; x_wconf 64' lang='lat' dir='ltr'>castellum„</span> <span class='ocrx_word' id='word_1_237' title='bbox 1186 4089 1334 4160; x_wconf 87' lang='lat' dir='ltr'>procedere</span> <span class='ocrx_word' id='word_1_238' title='bbox 1347 4089 1428 4143; x_wconf 86' lang='lat' dir='ltr'>debe-</span> 
     </span>
     <span class='ocr_line' id='line_1_45' title="bbox 876 4173 1427 4245; baseline 0.007 -21"><span class='ocrx_word' id='word_1_239' title='bbox 876 4195 890 4224; x_wconf 78' lang='grc' dir='ltr'>ι</span> <span class='ocrx_word' id='word_1_240' title='bbox 900 4176 981 4229; x_wconf 80' lang='lat' dir='ltr'>bat...</span> <span class='ocrx_word' id='word_1_241' title='bbox 995 4175 1102 4229; x_wconf 88' lang='lat' dir='ltr'>Deinde</span> <span class='ocrx_word' id='word_1_242' title='bbox 1121 4177 1269 4244; x_wconf 85' lang='lat' dir='ltr'>imperator</span> <span class='ocrx_word' id='word_1_243' title='bbox 1286 4173 1427 4245; x_wconf 85' lang='lat' dir='ltr'>publicum</span> 
     </span>
     <span class='ocr_line' id='line_1_46' title="bbox 875 4255 1428 4330; baseline 0.005 -23"><span class='ocrx_word' id='word_1_244' title='bbox 875 4258 1015 4330; x_wconf 68' lang='lat' dir='ltr'>«prelium</span> <span class='ocrx_word' id='word_1_245' title='bbox 1036 4274 1117 4327; x_wconf 90' lang='lat' dir='ltr'>super</span> <span class='ocrx_word' id='word_1_246' title='bbox 1142 4256 1306 4311; x_wconf 75' lang='lat' dir='ltr'>cremenses</span> <span class='ocrx_word' id='word_1_247' title='bbox 1324 4255 1428 4310; x_wconf 75' lang='lat' dir='ltr'>iacien-</span> 
     </span>
     <span class='ocr_line' id='line_1_47' title="bbox 874 4341 1427 4397; baseline 0.005 -3"><span class='ocrx_word' id='word_1_248' title='bbox 874 4364 890 4394; x_wconf 75' lang='grc' dir='ltr'>ι</span> <span class='ocrx_word' id='word_1_249' title='bbox 901 4345 966 4397; x_wconf 87' lang='lat' dir='ltr'>dum</span> <span class='ocrx_word' id='word_1_250' title='bbox 976 4354 1049 4396; x_wconf 83' lang='lat' dir='ltr'>certa</span> <span class='ocrx_word' id='word_1_251' title='bbox 1059 4343 1102 4395; x_wconf 85' lang='lat' dir='ltr'>die</span> <span class='ocrx_word' id='word_1_252' title='bbox 1112 4342 1206 4395; x_wconf 69' lang='lat' dir='ltr'>‘audiuit</span> <span class='ocrx_word' id='word_1_253' title='bbox 1217 4363 1240 4396; x_wconf 74' lang='grc' dir='ltr'>ι.</span> <span class='ocrx_word' id='word_1_254' title='bbox 1252 4341 1289 4397; x_wconf 94' lang='lat' dir='ltr'>O.</span> <span class='ocrx_word' id='word_1_255' title='bbox 1300 4342 1427 4397; x_wconf 66' lang='lat' dir='ltr'>Moerus</span> 
     </span>
     <span class='ocr_line' id='line_1_48' title="bbox 875 4426 1145 4495; baseline -0.019 -11"><span class='ocrx_word' id='word_1_256' title='bbox 875 4431 915 4484; x_wconf 80' lang='lat' dir='ltr'>De</span> <span class='ocrx_word' id='word_1_257' title='bbox 927 4430 977 4482; x_wconf 70' lang='lat' dir='ltr'>nb.</span> <span class='ocrx_word' id='word_1_258' title='bbox 990 4427 1071 4480; x_wconf 78' lang='lat' dir='ltr'>Laud.</span> <span class='ocrx_word' id='word_1_259' title='bbox 1085 4426 1145 4495; x_wconf 78' lang='lat'>617.</span> 
     </span>
    </p>
   </div>
   <div class='ocr_carea' id='block_1_12' title="bbox 269 4507 1340 4837">
    <p class='ocr_par' dir='ltr' id='par_1_21' title="bbox 269 4507 1340 4751">
     <span class='ocr_line' id='line_1_49' title="bbox 269 4507 1340 4583; baseline 0.007 -26"><span class='ocrx_word' id='word_1_260' title='bbox 269 4528 284 4557; x_wconf 73' lang='lat' dir='ltr'>a</span> <span class='ocrx_word' id='word_1_261' title='bbox 293 4508 364 4561; x_wconf 85' lang='lat' dir='ltr'>tibus</span> <span class='ocrx_word' id='word_1_262' title='bbox 377 4507 589 4577; x_wconf 80' lang='lat' dir='ltr'>cohoperuisset,</span> <span class='ocrx_word' id='word_1_263' title='bbox 600 4521 665 4563; x_wconf 88' lang='lat' dir='ltr'>tunc</span> <span class='ocrx_word' id='word_1_264' title='bbox 678 4509 741 4565; x_wconf 79' lang='lat' dir='ltr'>iecit</span> <span class='ocrx_word' id='word_1_265' title='bbox 754 4529 814 4565; x_wconf 85' lang='lat' dir='ltr'>eam</span> <span class='ocrx_word' id='word_1_266' title='bbox 841 4530 916 4583; x_wconf 82' lang='lat'>3¹⁰0·</span> <span class='ocrx_word' id='word_1_267' title='bbox 932 4510 974 4565; x_wconf 75' lang='lat' dir='ltr'>Cf.</span> <span class='ocrx_word' id='word_1_268' title='bbox 992 4510 1101 4565; x_wconf 76' lang='lat' dir='ltr'>Lucau.</span> <span class='ocrx_word' id='word_1_269' title='bbox 1117 4511 1204 4565; x_wconf 76' lang='lat' dir='ltr'>Phars.</span> <span class='ocrx_word' id='word_1_270' title='bbox 1219 4511 1267 4575; x_wconf 86' lang='lat'>111,</span> <span class='ocrx_word' id='word_1_271' title='bbox 1279 4509 1340 4576; x_wconf 80' lang='lat'>656.</span> 
     </span>
     <span class='ocr_line' id='line_1_50' title="bbox 269 4593 1331 4667; baseline 0.008 -26"><span class='ocrx_word' id='word_1_272' title='bbox 269 4594 417 4647; x_wconf 77' lang='lat' dir='ltr'>«inantea</span> <span class='ocrx_word' id='word_1_273' title='bbox 434 4593 554 4662; x_wconf 82' lang='lat' dir='ltr'>produci,</span> <span class='ocrx_word' id='word_1_274' title='bbox 573 4610 657 4665; x_wconf 86' lang='lat' dir='ltr'>usque</span> <span class='ocrx_word' id='word_1_275' title='bbox 677 4597 741 4648; x_wconf 92' lang='lat' dir='ltr'>dum</span> <span class='ocrx_word' id='word_1_276' title='bbox 759 4595 816 4650; x_wconf 87' lang='lat' dir='ltr'>sere</span> <span class='ocrx_word' id='word_1_277' title='bbox 842 4595 1255 4667; x_wconf 66' lang='lat' dir='ltr'>3107·8.Cf.i&#39;eno.Aen.1X‚</span> <span class='ocrx_word' id='word_1_278' title='bbox 1274 4596 1331 4662; x_wconf 64' lang='lat'>164</span> 
     </span>
     <span class='ocr_line' id='line_1_51' title="bbox 269 4674 1242 4751; baseline 0.01 -28"><span class='ocrx_word' id='word_1_279' title='bbox 269 4674 343 4729; x_wconf 80' lang='lat' dir='ltr'>«suit</span> <span class='ocrx_word' id='word_1_280' title='bbox 371 4677 442 4729; x_wconf 80' lang='lat' dir='ltr'>iuxta</span> <span class='ocrx_word' id='word_1_281' title='bbox 471 4675 611 4730; x_wconf 82' lang='lat' dir='ltr'>castellum</span> <span class='ocrx_word' id='word_1_282' title='bbox 640 4679 816 4748; x_wconf 84' lang='lat' dir='ltr'>imperatoris.</span> <span class='ocrx_word' id='word_1_283' title='bbox 843 4676 1242 4751; x_wconf 72' lang='lat' dir='ltr'>3115.Verc.Aen.1x,169.</span> 
     </span>
    </p>

    <p class='ocr_par' dir='ltr' id='par_1_22' title="bbox 269 4760 1272 4837">
     <span class='ocr_line' id='line_1_52' title="bbox 269 4760 1272 4837; baseline 0 -22"><span class='ocrx_word' id='word_1_284' title='bbox 269 4780 283 4803; x_wconf 61' lang='grc' dir='ltr'><em>κ</em></span> <span class='ocrx_word' id='word_1_285' title='bbox 296 4760 392 4816; x_wconf 84' lang='lat' dir='ltr'>Gattus</span> <span class='ocrx_word' id='word_1_286' title='bbox 410 4763 512 4816; x_wconf 81' lang='lat' dir='ltr'>etenim</span> <span class='ocrx_word' id='word_1_287' title='bbox 531 4763 585 4815; x_wconf 82' lang='lat' dir='ltr'>iam</span> <span class='ocrx_word' id='word_1_288' title='bbox 603 4779 688 4833; x_wconf 82' lang='lat' dir='ltr'>prope</span> <span class='ocrx_word' id='word_1_289' title='bbox 709 4782 817 4819; x_wconf 89' lang='lat' dir='ltr'>murum</span> <span class='ocrx_word' id='word_1_290' title='bbox 843 4765 1143 4837; x_wconf 65' lang='lat' dir='ltr'>3116.Lucau‚Pbors.</span> <span class='ocrx_word' id='word_1_291' title='bbox 1163 4764 1272 4834; x_wconf 83' lang='lat'>11‚198.</span> 
     </span>
    </p>
   </div>
   <div class='ocr_carea' id='block_1_13' title="bbox 0 0 1672 5796">
    <p class='ocr_par' dir='ltr' id='par_1_23' title="bbox 0 0 1672 5796">
     <span class='ocr_line' id='line_1_53' title="bbox 0 0 1672 5796; baseline 0 0"><span class='ocrx_word' id='word_1_292' title='bbox 0 0 1672 5796; x_wconf 95' lang='lat' dir='ltr'> </span> 
     </span>
    </p>
   </div>
  </div>
 </body>
</html>
