3300 5796
802 529 1058 605 nnotutt'o

469 794 539 862 Nec
558 792 703 862 dubitant
719 795 818 882 patrie
835 796 1007 884 perituram
1025 795 1199 884 inpendere
1216 797 1326 879 uitam,

469 910 558 977 Dum
577 911 691 998 patrias
709 909 762 977 uel
778 929 883 978 morte
902 929 1020 1000 queant
1038 909 1208 979 defendere
1225 911 1326 979 sedes.

470 1025 584 1114 Pugna
600 1025 638 1094 fit
656 1045 729 1094 ante
747 1025 850 1095 aditus
868 1045 900 1095 et
917 1045 1024 1116 portas
1044 1026 1217 1096 Mediolani

471 1142 608 1230 Aspera3
633 1141 788 1211 ceduntur
805 1144 921 1231 pariter
939 1142 1118 1233 ceduntque
1138 1143 1197 1212 sub
1216 1144 1313 1211 armis
1443 1165 1529 1232 2435

473 1255 651 1339 Certantes,
670 1255 877 1346 pulcramque
894 1276 1007 1346 petunt
1023 1280 1080 1346 per
1097 1257 1229 1326 uulnera
1247 1275 1397 1326 mortem.

472 1370 555 1438 Tela
572 1370 667 1440 sudes
686 1395 722 1439 ac
740 1394 817 1440 saxa
834 1373 946 1441 nolant
963 1371 1126 1461 stridentia
1143 1372 1243 1441 fimda

473 1483 592 1553 Crebra
610 1485 698 1554 uelut
715 1485 854 1570 nimbus,
874 1505 1002 1555 resonat
1021 1487 1212 1556 clamoribus
1231 1488 1321 1556 ether

470 1601 518 1666 Ac
536 1598 676 1683 fremitu,
696 1599 794 1670 dense
812 1604 947 1670 ueniunt
965 1602 1040 1670 hinc
1058 1603 1133 1670 inde
1150 1604 1274 1692 sagitte.

471 1716 549 1782 Ater
567 1717 726 1805 utrimque
745 1739 838 1784 cruor
855 1717 971 1785 sudore
990 1739 1027 1784 ac
1044 1716 1174 1806 puluere
1193 1719 1315 1786 mixtus

472 1830 637 1913 Funditur,
656 1831 807 1900 exhalant
822 1850 953 1901 tenuem
973 1855 1047 1901 cum
1066 1835 1224 1922 sanguine
1240 1835 1350 1901 uitam

471 1947 583 2014 Acrius
602 1947 758 2015 incumbit
775 1948 887 2036 regalis
906 1948 996 2016 turba
1012 1948 1072 2017 sub
1090 1948 1161 2017 altis

473 2061 622 2129 Menibus
640 2062 830 2152 obpugnans
849 2065 934 2132 ciues
953 2066 1049 2132 nimis
1067 2083 1141 2133 ante
1159 2082 1316 2154 potentes,

473 2154 645 2255 Qui'soliti
661 2175 788 2246 fuerant
804 2178 937 2246 aliorum
956 2177 1103 2247 obsidere
1119 2197 1235 2268 portes.

472 2289 622 2359 Tandem
641 2291 808 2382 belligeros
827 2294 970 2382 reprimit
986 2315 1052 2361 nox
1072 2312 1138 2362 atra
1156 2294 1280 2363 furores

474 2407 513 2474 Et
531 2409 618 2495 cogit
635 2410 741 2496 posito
760 2408 863 2477 fessos
880 2411 1076 2498 requiescere
1094 2408 1197 2492 bello;

472 2521 515 2589 Se
533 2523 642 2611 recipit
660 2525 758 2610 pania
776 2524 877 2591 ciuilis
895 2525 929 2591 in
948 2521 1026 2593 tube
1043 2525 1195 2592 iuuentus

473 2638 513 2704 Et
532 2660 589 2705 sua
606 2638 718 2726 regalis
736 2640 849 2728 repetit
866 2642 1004 2707 tentoria
1020 2640 1121 2707 miles.

473 2752 562 2820 Tum
581 2770 669 2840 pater
687 2755 847 2842 egregius,
865 2753 1006 2823 ductoris
1024 2776 1116 2823 more
1133 2754 1275 2844 benigni,

474 2864 635 2935 Laudibus
654 2867 777 2936 extollit
794 2871 900 2937 socios
919 2868 1103 2938 Fredericus
1121 2891 1241 2959 eosque
1286 2848 1290 2857 ’

473 2982 647 3050 Procurare
664 3003 776 3052 monet
793 2983 874 3053 bene
892 2987 991 3074 gestis
1009 3007 1142 3074 corpora
1159 2984 1253 3052 rebus

472 3099 578 3188 Atque
596 3121 705 3188 parare
720 3101 846 3168 animos
866 3119 1002 3168 uentura
1018 3099 1058 3168 ad
1075 3099 1173 3188 prelia
1191 3098 1298 3182 fortes,

471 3213 545 3285 Nec
561 3215 668 3283 minus
687 3214 805 3284 electos
823 3214 1005 3284 circundare
1025 3216 1132 3283 menia
1150 3215 1288 3283 flammis

472 3329 579 3398 Nocte
596 3328 683 3397 iubet
700 3329 815 3418 uigiles
831 3348 1000 3419 portasque
1017 3328 1162 3398 obsidere
1180 3329 1312 3398 clausae

472 3444 638 3513 Accedunt
656 3447 785 3513 monitis
804 3446 929 3536 fusique
946 3445 1103 3536 tapetibus
1123 3446 1236 3534 amplis

473 3559 646 3650 Indulgent
664 3561 763 3650 epulis
783 3561 896 3630 hilares
915 3562 1096 3653 bacheaqoe
1115 3579 1248 3631 sumunt

474 3675 609 3743 Munera
627 3693 659 3743 et
677 3675 838 3765 excipiunt
857 3674 1038 3746 refouentts
1056 3675 1201 3744 membra
1223 3677 1375 3765 quietem.

475 3790 600 3857 Interea
618 3791 715 3858 cristis
735 3793 868 3860 iuuenes
888 3813 1028 3882 auroque
1048 3793 1170 3860 corusci

475 3904 663 3973 Discurrunt
681 3907 868 3995 uariantque
884 3905 971 3975 uices
989 3925 1023 3975 et
1040 3908 1146 3974 menia
1160 3905 1278 3974 crebris

475 4018 607 4108 ignibus
625 4020 791 4104 illustrant,
811 4039 939 4090 cantant
956 4021 1141 4111 ducuntque
1160 4021 1291 4089 choreas

476 4136 658 4204 Teutonico
678 4138 748 4204 ritu.
790 4157 920 4206 noctem
940 4137 1084 4206 custodia
1101 4137 1178 4205 ludo

476 4249 640 4338 Transigit
657 4251 851 4318 insomnem
892 4270 1096 4340 prospectant
1115 4249 1290 4319 Mediolani

396 4466 467 4514 ²447·
483 4454 539 4501 cna.
553 4455 636 4513 recepit

344 4643 524 4714 2436.v1ne.
539 4646 602 4700 Aen.
617 4643 665 4712 x1,
680 4643 740 4714 647.
950 4661 1026 4718 2453.
1043 4646 1086 4702 Cf.
1101 4646 1190 4703 Vnno.
1207 4649 1270 4703 Aen.
1286 4647 1333 4713 IX,
1352 4647 1400 4715 158
1416 4663 1431 4701 e
1449 4644 1506 4700 160.

344 4729 422 4800 2438.
437 4729 528 4785 Vetto.
542 4730 605 4786 Am.
620 4729 656 4795 V,
671 4729 731 4795 228,
745 4727 782 4796 X,
795 4729 855 4798 803.
951 4746 1027 4798 2454.
1044 4730 1086 4785 ef.
1103 4730 1193 4787 Vnno.
1207 4733 1272 4787 Am.
1285 4731 1334 4799 lx,
1352 4747 1411 4804 ¹59·

344 4829 422 4894 ²⁴4¹·
437 4812 481 4868 ef.
496 4812 586 4869 Vane.
598 4814 662 4871 Aa.
676 4813 712 4882 Π,
729 4813 816 4884 ςόπ-ς.
950 4813 1071 4884 24ςς-62.
1086 4815 1127 4871 cf.
1142 4813 1535 4887 veno.Aen.1x,16307‚325.
