3300 5796
571 492 696 549 GESTA
724 492 764 547 DI
791 493 979 551 FEDERICO
1008 495 1027 548 l.

333 739 415 828 Spes
434 755 500 806 erat
519 737 624 806 auxilii
642 740 768 828 penitus
786 738 909 808 sublata
926 739 1033 808 futuri.
1219 830 1223 837 ἱ

333 856 423 923 Nam
441 853 559 922 Trecio
574 835 702 922 ¹nullum
720 853 875 923 referebat
893 855 932 922 ab
951 853 1027 923 urbe
1047 875 1209 924 reuertens

333 970 476 1038 Nuntius
496 969 647 1037 auxilium
667 969 752 1037 ciues
768 969 841 1039 dare
862 970 1048 1053 Mediolani,

335 1085 392 1153 Set
409 1083 563 1174 trepidare
582 1083 641 1152 sibi
659 1086 758 1152 nimia
777 1085 947 1154 formidine
966 1107 1087 1176 captos,

335 1200 376 1268 Et
391 1199 485 1267 simul
503 1198 652 1267 horrifico
671 1199 829 1268 terrebant
847 1201 988 1291 undique
1006 1204 1076 1271 uisu

335 1313 537 1383 Circumfuse
555 1315 637 1383 acies
656 1339 772 1404 penam
789 1336 991 1406 mortemque
1011 1320 1180 1387 minantes.

335 1431 421 1518 Ergo
440 1430 509 1519 capi
523 1428 654 1498 tandem
673 1430 816 1499 uiolento
835 1452 935 1500 marte
954 1435 1114 1516 timentes,

335 1545 422 1613 Cum
441 1568 497 1613 sua
516 1547 682 1613 tormentis
701 1548 765 1613 iam
785 1545 889 1635 frangi
905 1565 985 1615 tecta
1004 1551 1119 1636 paratis

335 1660 452 1729 Ictibus
471 1679 503 1730 et
517 1680 618 1729 turres
638 1661 752 1729 crebris
773 1680 883 1730 nutare
902 1661 1056 1746 uiderent,

335 1775 483 1845 Tradunt
501 1801 535 1845 se
554 1776 686 1846 ducibus
705 1780 797 1846 mesti
817 1780 1008 1868 ueniamque
1027 1800 1199 1867 precantes.
1285 1816 1291 1831 ·

334 1896 377 1960 At
395 1895 464 1982 pius
484 1892 534 1960 hic
555 1892 668 1961 ductor
687 1893 813 1983 culpam
831 1896 947 1983 pietate
966 1896 1084 1962 relaxat

335 2009 374 2075 Et
392 2008 544 2076 miserans
563 2009 696 2096 propriis
715 2008 844 2076 dimittit
862 2010 956 2077 rebus
975 2010 1143 2092 honust0s‚

333 2125 379 2192 Vt
397 2146 602 2212 quocumque
621 2124 721 2191 uelint
739 2124 831 2193 liceat
850 2144 1036 2193 conuertere
1055 2149 1192 2214 gressus,

334 2238 523 2326 Seruarique
542 2236 600 2304 sibi
616 2237 770 2306 Trecium
789 2236 876 2305 iubet
894 2237 1012 2327 absque
1030 2239 1132 2319 ruina,

195 2375 287 2423 2200
334 2351 476 2421 Presidio
492 2353 655 2441 imposito,
674 2374 801 2420 necnon
820 2376 962 2443 reparare
980 2355 1195 2443 propinquum

335 2468 473 2535 Pontem
492 2490 590 2556 quem
606 2467 743 2557 populus
763 2466 958 2536 destruxerat
977 2488 1050 2537 ante
1069 2469 1203 2537 rebellis.

336 2581 416 2650 Inde
435 2604 511 2650 suos
527 2581 620 2664 letus,
639 2600 741 2650 castro
761 2581 932 2673 spoliisque
950 2584 1069 2673 potitus

335 2698 527 2780 Innumeris,
547 2715 642 2766 uocat
659 2699 692 2764 in
713 2715 820 2765 cetum
838 2698 1043 2788 hortamrque
1062 2699 1201 2789 benigna

335 2815 425 2882 Voce
441 2837 558 2880 acuens
576 2836 693 2902 pronas
711 2814 744 2880 in
763 2836 887 2902 queque
907 2813 1043 2902 pericula
1062 2833 1200 2883 mentes:

203 2951 287 3018 2205
342 2957 358 2992 (ι
374 2926 532 3009 Exultate,
550 2929 619 3011 uiri,
640 2926 815 3017 dignasque
834 2928 995 3018 rependite
1013 2930 1080 3018 regi

338 3045 528 3133 «Perpetuo
546 3042 664 3126 laudes,
684 3067 734 3110 res
753 3042 846 3110 nobis
864 3066 991 3111 summa
1009 3063 1134 3133 peracta
1153 3061 1217 3126 est3

339 3159 512 3226 «Hostiles
531 3159 649 3226 etenim
668 3158 766 3248 pulsis
786 3159 983 3227 obstantibus
1002 3158 1097 3226 horas

336 3274 522 3363 «Cepimus
542 3291 573 3341 et
590 3275 691 3362 prima
711 3274 774 3340 iam
792 3273 896 3342 fronte
916 3274 1100 3363 subegimus
1120 3275 1240 3342 hostes.
1453 3316 1475 3349 c.
1488 3315 1540 3362 9⁷¹¹

336 3418 352 3454 «
368 3393 416 3459 En
437 3392 636 3480 captiuorum
655 3389 753 3478 spolia
772 3409 804 3457 et
823 3388 861 3457 de
880 3408 976 3479 gente
995 3390 1129 3478 superba

337 3506 520 3587 «Primitie,
539 3528 579 3571 en
599 3522 737 3572 castrum
756 3503 843 3592 quod
863 3505 1025 3572 coniurata
1044 3503 1167 3572 rebellis

335 3619 475 3689 «Turba
493 3620 589 3687 michi
610 3618 690 3688 duro
709 3618 877 3686 defendere
896 3638 996 3686 marte
1015 3618 1152 3707 parabat.

336 3736 461 3804 «Nunc
479 3737 539 3804 iter
558 3733 597 3801 ad
617 3757 726 3802 muros
744 3732 837 3801 nobis
857 3752 888 3800 et
907 3732 1082 3801 Mediolani

336 3853 487 3933 «Menia,
507 3874 567 3918 uos
586 3849 673 3918 bellis
692 3851 817 3916 animos
836 3867 930 3939 atque
946 3871 1033 3916 arma
1051 3867 1203 3937 parate».

330 3968 383 4035 Sic
401 3966 494 4050 fatus,
515 3966 700 4036 conscendit
718 3989 847 4055 equum,
868 3966 1029 4054 signisque
1047 3964 1158 4033 leuatis

252 4185 319 4233 ²¹90·
334 4174 391 4221 cod.
406 4172 492 4219 t'ebunt

198 4363 276 4419 2195·
292 4346 335 4402 ef.
348 4348 437 4402 Vens.
453 4349 515 4402 Aen.
531 4346 579 4414 x1‚
594 4363 652 4402 101.
809 4362 939 4418 2205-13.
953 4345 997 4403 Cf.
1008 4347 1097 4401 Vero.
1110 4348 1173 4401 Aen.
1187 4347 1233 4413 XI,
1253 4347 1344 4413 14-18.

199 4447 276 4486 2200·
296 4432 405 4486 Presidio
424 4433 552 4504 imposito]
575 4451 624 4485 α...
635 4432 663 4484 in
683 4447 717 4485 eo
736 4448 783 4502 po·
810 4447 886 4499 2214.
897 4432 981 4486 Preso
993 4430 1097 4485 Trezzo
1110 4449 1125 4486 e
1138 4431 1276 4485 lasciatovi
1291 4448 1326 4485 un
1336 4447 1394 4501 pre-

235 4517 312 4570 «suit
327 4528 438 4571 centum
450 4516 550 4571 milites
562 4517 658 4589 quibus
671 4534 782 4589 praepo·
843 4519 923 4583 sidio,
933 4517 950 4570 l'
958 4519 1121 4587 imperatore
1134 4517 1152 4572 il
1165 4533 1192 4587 31
1212 4517 1310 4589 luglio
1321 4517 1392 4570 ando

235 4603 312 4655 «suit
328 4600 488 4655 Conradum
503 4602 537 4655 de
547 4601 641 4655 Monte
658 4612 684 4655 et
694 4601 781 4655 Rode·
846 4602 904 4655 «ad
924 4602 1071 4655 Lambrum
1096 4602 1122 4653 in
1147 4612 1222 4671 prata
1247 4601 1280 4654 de
1305 4598 1394 4653 Cassi·

235 4706 249 4735 a
260 4685 400 4757 gerium».
417 4687 472 4739 Lib.
488 4687 549 4739 trist.
565 4692 588 4739 el
602 4684 650 4738 dol.
669 4682 727 4756 366.
846 4702 959 4756 «ragau
979 4685 1015 4737 ivi
1034 4683 1161 4756 ponendo
1180 4683 1199 4736 il
1218 4701 1268 4738 suo
1287 4700 1393 4737 accam-

199 4784 275 4825 2202.
288 4770 378 4827 Vero.
391 4771 455 4825 Aen.
471 4770 530 4831 Vll.
542 4784 603 4837 440.
844 4781 982 4838 pamento,
1007 4770 1058 4823 che
1083 4767 1251 4823 estendevasi
1278 4788 1293 4817 α
1306 4783 1390 4838 usque
