3300 5796
733 543 985 601 ANONIMO

397 789 525 858 Exultat
543 792 610 859 uoti
630 814 765 881 compos
784 815 864 881 gens
883 792 964 860 clara
983 792 1160 877 cremone,
1368 817 1403 883 3¹
1408 817 1442 884 50

396 905 545 975 Exultant
563 906 672 995 populi
690 907 806 997 regalia
824 908 909 976 iussa
926 909 1036 991 secuti,

397 1022 490 1089 Festa
508 1022 605 1090 duces
624 1021 783 1091 celebrant
800 1025 915 1113 pariter
933 1025 1081 1093 conuiuia
1100 1023 1165 1106 leti,

294 1129 297 1136 ’
396 1137 585 1226 Sceptrigeri
604 1160 726 1205 nomen
744 1137 901 1206 Frederici
921 1138 1019 1207 fertur
1037 1138 1077 1207 ad
1097 1158 1189 1208 astra.

398 1251 454 1319 llle
473 1251 568 1320 nichil
587 1270 716 1342 gestum
734 1272 894 1344 reputans,
912 1255 974 1321 nisi
993 1253 1217 1323 Mediolanum

296 1371 300 1377 ’
398 1366 536 1436 Edomet
555 1391 590 1436 ac
609 1369 742 1458 reliquas
762 1368 855 1438 urbes
873 1370 1073 1462 populosque
1092 1371 1236 1456 rebelles,
1369 1393 1443 1459 3155

397 1483 477 1549 Mox
497 1483 640 1551 animum
659 1483 795 1553 intendit
813 1484 908 1568 bello,
927 1486 1156 1577 modicumque
1175 1505 1321 1556 moratus

397 1598 577 1686 Ingreditur
594 1598 675 1667 fines
693 1601 855 1689 spaciosos
875 1600 1059 1684 Mediolani,

397 1714 624 1806 Circuiensque
643 1717 756 1785 urbem
776 1717 844 1786 latis
863 1717 986 1787 deseuit
1004 1719 1038 1786 in
1058 1719 1140 1787 aruis

397 1833 437 1899 Et
454 1850 557 1901 uastat
575 1851 700 1921 segetes
720 1833 907 1924 arbustaque
927 1835 1042 1902 cortice
1061 1833 1169 1903 nudat.

396 1947 560 2015 Attonitus
580 1949 693 2016 metuit
711 1949 848 2038 populus
867 1973 1055 2018 concurrere
1074 1973 1189 2039 campo
1371 1956 1451 2038 3160

397 2062 437 2129 Et
455 2063 571 2151 patitur
588 2086 715 2131 merens
732 2065 845 2152 plenos
864 2067 1015 2134 uastarier
1033 2088 1138 2154 agros.

398 2177 483 2243 Hinc
501 2201 536 2245 se
554 2178 717 2246 Brixianas
735 2181 829 2247 uertit
848 2179 1031 2249 Fredericus
1051 2179 1091 2248 ad
1110 2180 1203 2248 horas

396 2290 552 2359 Fulminis
571 2294 604 2359 in
623 2316 748 2361 morem
767 2317 918 2384 rumpens
938 2294 1100 2363 obstacula
1119 2313 1241 2363 cuncta

396 2407 451 2474 Est
470 2406 559 2474 locus
579 2409 723 2496 insignis,
741 2410 796 2498 qui
815 2412 948 2478 nomine
966 2411 1080 2478 dicitur
1099 2411 1213 2492 Hisen‚

396 2523 530 2590 Munere
550 2523 684 2591 Palladis
704 2523 791 2592 diues
811 2526 989 2615 Bacchique
1009 2525 1141 2616 liquore,
1369 2530 1447 2612 3165

396 2637 507 2718 Quem
527 2657 638 2707 natura
658 2663 834 2728 manusque
854 2641 1025 2709 hominurn
1044 2642 1181 2709 muniuit
1197 2640 1236 2708 ab
1255 2640 1364 2723 hoste3

394 2754 482 2822 Nam
501 2753 585 2822 lacus
605 2755 679 2822 hinc
699 2756 825 2843 magnis
844 2756 1002 2844 capiendis
1021 2755 1156 2846 piscibus
1175 2756 1264 2839 ubet,

396 2868 486 2936 Illinc
504 2872 642 2959 prerupti
662 2888 829 2959 tangentes
848 2871 955 2939 ethera
974 2889 1101 2940 montes

395 2986 644 3074 Angustumque
663 2986 784 3054 aditum
804 2984 888 3054 fosse
907 2986 1090 3076 uallumque
1109 3003 1249 3055 tuentur.

396 3099 459 3166 Hic
477 3100 642 3189 quondam
661 3101 772 3168 sedem
791 3099 849 3168 sibi
868 3124 948 3190 gens
967 3103 1111 3169 animosa
1130 3100 1246 3170 locauit
1369 3121 1452 3188 3170

395 3211 523 3283 Nullius
543 3215 705 3284 incursum
725 3234 872 3284 metuens
890 3239 925 3283 se
945 3216 1043 3305 digua
1062 3218 1173 3284 teneri.

317 3447 381 3503 3158.
396 3443 571 3503 circuiensque]
587 3445 644 3490 Cod.
659 3444 823 3502 Circinenaque
877 3445 941 3503 3165.
957 3445 1013 3490 Cod.
1028 3445 1137 3504 bachique

264 3665 339 3721 3153·
358 3667 447 3704 nomen
464 3648 593 3704 Frcdarici
604 3649 690 3720 fertur
711 3648 744 3702 ad
767 3647 846 3716 astra]
908 3665 981 3701 «vas
995 3659 1021 3702 et
1034 3647 1173 3718 legumina
1185 3658 1212 3701 et
1230 3646 1317 3702 linum
1330 3647 1459 3702 Mediola-

300 3734 366 3788 «De
394 3734 504 3788 subacta
532 3733 576 3788 vel
604 3735 693 3804 potius
720 3732 848 3786 subversa
908 3732 1458 3805 anensiumaMediliousqueVertemate

298 3818 426 3874 «Crema
453 3820 542 3871 statim
567 3816 721 3888 imperiales
745 3816 848 3870 litterae
909 3817 966 3870 «ab
980 3816 1026 3871 illa
1039 3829 1113 3888 parte
1130 3815 1246 3870 lambri.
1283 3817 1317 3872 Et
1336 3818 1398 3871 inde
1417 3835 1459 3872 re·

297 3919 372 3973 «per
390 3902 520 3956 ambitum
539 3904 616 3971 regni
635 3902 810 3972 diriguntur...
824 3919 848 3954 v.
908 3919 922 3950 «
934 3901 1010 3955 diens
1023 3918 1071 3973 per
1083 3900 1135 3954 alia
1148 3901 1219 3966 loca,
1233 3900 1383 3955 devastavit
1395 3901 1458 3955 Vei-

297 3987 449 4042 Rauewuvr
464 3986 538 4040 Getta
550 3984 622 4040 Frid.
641 3983 772 4054 lV‚§72.
810 3982 849 4035 La
909 4005 923 4036 a
934 4002 1031 4038 ranum
1047 3997 1074 4039 et
1090 3985 1241 4052 Brioscum‚
1257 3984 1419 4056 Legnanuni
1432 3997 1459 4039 et

297 4069 414 4124 formula
428 4068 498 4123 delle
512 4068 606 4123 lettere
622 4071 636 4122 e
652 4066 678 4121 al
694 4067 709 4137 §
725 4083 768 4138 73.
908 4088 922 4118 r<
932 4069 1101 4123 Nervianum
1121 4080 1147 4123 et
1167 4067 1321 4135 politanum,
1340 4080 1367 4123 et
1385 4072 1460 4124 venit

264 4169 339 4224 3¹57·
355 4153 391 4208 Ο.
407 4154 533 4208 Monens
549 4154 620 4208 dice:
638 4153 777 4222 «Papiam
792 4167 849 4221 per·
909 4154 1065 4225 «usquead
1081 4154 1242 4225 Venzagum
1259 4164 1285 4207 et
1299 4153 1394 4208 Raude
1407 4155 1460 4225 pri-

299 4259 313 4289 a
324 4241 425 4293 rexit».
438 4240 478 4294 Da
490 4240 540 4294 reb.
554 4237 635 4292 Laud.
655 4236 715 4291 620.
735 4237 766 4289 ln
785 4234 848 4307 quel
908 4258 923 4288 α
934 4239 976 4292 die
991 4237 1049 4292 Kal.
1060 4238 1143 4308 Junii;
1154 4238 1200 4291 ubi
1212 4255 1276 4292 cum
1289 4239 1353 4305 ibat,
1363 4254 1460 4293 omnes

297 4334 390 4394 tempo
407 4322 492 4377 infatti
512 4323 578 4376 ebbe
598 4321 682 4392 luogo
702 4320 720 4376 il
739 4319 848 4374 famoso
909 4321 1044 4374 «arbores
1057 4320 1173 4375 fructum
1187 4333 1326 4391 portantes
1339 4332 1384 4374 aut
1397 4323 1461 4376 inci·

299 4406 415 4462 concilio
429 4407 455 4461 di
465 4409 557 4462 Pavia.
569 4407 603 4461 V.
613 4406 762 4460 Ranawnu
774 4404 849 4460 Gesta
909 4428 924 4458 a
934 4407 1014 4460 debat
1025 4419 1070 4460 aut
1080 4406 1253 4461 decorciabat
1263 4427 1287 4459 v.
1298 4407 1355 4462 Lib.
1365 4409 1428 4462 trist.
1438 4415 1460 4462 at

297 4491 370 4547 Frid.
383 4491 430 4558 IV,
443 4491 475 4562 §5
491 4491 585 4562 74·83.
907 4489 955 4543 dol.
969 4486 1026 4560 368.
1038 4487 1181 4544 Cf.Annal.
1190 4476 1291 4543 Mada‘ol,
1302 4492 1362 4544 min.
1375 4489 1459 4560 394²’3

264 4575 340 4645 3158.
354 4573 397 4630 Cf.
410 4574 499 4629 Vane.
515 4576 578 4629 Aen.
591 4573 665 4640 Vlll,
681 4572 740 4642 605.
908 4573 944 4628 Ο.
959 4573 1085 4627 Monens
1101 4575 1141 4628 Dc
1153 4575 1202 4628 reb.
1219 4573 1300 4627 Laud.
1314 4572 1409 4644 622-3.

265 4677 340 4734 3159.
353 4662 386 4716 El
397 4669 479 4716 vastat
493 4660 587 4732 segetes]
608 4679 622 4710 rr
639 4661 737 4713 Postea
756 4670 847 4713 autem
873 4657 948 4730 3160.
964 4656 1053 4713 Vane.
1070 4659 1133 4713 Aen.
1146 4657 1206 4724 XII,
1223 4673 1283 4727 771.

298 4765 313 4796 α
324 4746 414 4799 medio
426 4761 520 4798 mense
533 4743 616 4797 Madii
629 4744 775 4814 imperator
785 4759 847 4795 cum
874 4738 948 4812 3163.
965 4737 1055 4795 Vens.
1072 4742 1136 4794 Aen.
1152 4739 1200 4805 XI,
1215 4737 1274 4793 616.

299 4831 442 4884 «exercitu
455 4846 505 4883 suo
521 4830 620 4883 iterum
633 4828 782 4882 devastavit
794 4826 849 4880 bla·
874 4824 950 4897 3164.
964 4825 1055 4903 Hiscp]
1073 4844 1098 4880 v.
1111 4825 1137 4880 la
1151 4836 1216 4879 nota
1231 4825 1257 4879 al
1270 4843 1295 4879 v.
1313 4840 1390 4897 1449.
