3300 5796
840 518 1131 596 nuourno'

502 787 558 857 Nil
577 788 679 876 magis
697 811 765 856 esse
785 789 893 856 animo
911 810 1009 877 quam
1027 788 1116 876 regni
1133 786 1298 877 pacificare

503 901 675 971 Discordes
692 902 839 993 populos,
853 901 983 971 frenatis
1000 904 1067 970 iure
1082 901 1232 991 superbis.

504 1020 575 1087 Hec
592 1019 647 1087 ubi
663 1018 754 1102 dicta,
775 1018 861 1088 iubet
879 1018 1048 1087 confestim
1066 1020 1156 1107 signa
1176 1019 1312 1099 moueri,

504 1136 544 1202 Et
562 1137 640 1224 petit
657 1136 753 1203 iratus
772 1157 908 1224 propero
926 1153 967 1217 te,
987 1134 1101 1216 Brixia,
1121 1157 1224 1216 cursu,
1470 1154 1543 1218 2005

505 1249 605 1318 Cuius
624 1251 688 1317 iam
708 1248 829 1318 dudum
847 1249 927 1318 fines
946 1248 1089 1318 uastabat
1107 1250 1233 1339 opimos

504 1366 654 1433 Boemius
672 1364 784 1433 ductor
801 1365 915 1454 regalis
934 1365 1060 1455 preuius
1079 1363 1154 1446 ales,

502 1483 641 1551 Necnon
661 1482 828 1571 Pergamei
846 1482 985 1551 uindicte
1004 1500 1148 1570 tempora
1165 1480 1259 1563 nacti,

503 1597 591 1685 Rege
610 1595 738 1664 iubente
757 1597 805 1664 uri
824 1615 855 1664 et
872 1614 973 1664 turres
992 1595 1117 1664 castella
1136 1594 1315 1685 domosque

504 1711 648 1794 Diruere,
667 1713 761 1779 unius
779 1712 979 1800 geminantes
998 1711 1135 1801 dampna
1154 1712 1253 1779 ruine.
1471 1729 1546 1776 2010

505 1827 605 1894 Terra
623 1829 730 1895 tremit
748 1827 875 1896 fremitu
895 1827 985 1896 turbe
1004 1828 1168 1916 nimioque
1186 1825 1337 1908 tumultu,

504 1942 624 2011 Terror
642 1942 761 2032 ubique
780 1943 895 2032 grauis.
938 1943 1020 2032 fugit
1037 1943 1141 2011 incola
1159 1943 1237 2011 ruris
1257 1941 1296 2009 ad
1315 1940 1426 2009 urbem

502 2061 568 2127 Aut
587 2079 741 2128 montana
760 2061 847 2149 petit,
867 2078 915 2127 set
933 2082 993 2126 nec
1012 2081 1106 2126 mons
1125 2076 1212 2126 tutus
1230 2057 1269 2124 ab
1288 2057 1399 2138 hoste;

503 2176 589 2243 Nam
608 2176 711 2265 posite
730 2175 763 2241 in
782 2175 916 2243 summis
935 2173 1110 2262 spoliantur
1128 2171 1292 2240 montibus
1311 2194 1409 2251 arces,

502 2290 573 2358 Nec
590 2287 720 2377 prodest
734 2287 853 2376 fugisse
875 2288 940 2355 suis
959 2311 1032 2355 cum
1052 2286 1145 2355 rebus
1164 2285 1204 2353 ad
1221 2285 1299 2353 illas.
1472 2303 1547 2366 20¹5

503 2402 596 2470 Miles
617 2402 733 2492 ubique
752 2401 836 2470 ferus
855 2401 939 2469 ferro
959 2420 1111 2470 crassatur
1130 2420 1161 2469 et
1179 2401 1245 2490 igni

503 2517 683 2587 incendens
702 2517 802 2601 uillas,
822 2519 949 2608 capiens
968 2518 1093 2587 castella
1112 2518 1163 2587 uel
1179 2508 1277 2585 arces.

505 2632 629 2702 Omnia
648 2633 804 2701 collucent
822 2633 971 2717 flammis,
991 2635 1082 2722 niger
1101 2655 1171 2701 aera
1194 2632 1301 2700 fumus

504 2749 621 2839 Implet
639 2768 670 2817 et
688 2773 728 2816 ex
747 2751 838 2817 omni
855 2748 965 2838 prebet
981 2773 1016 2816 se
1034 2768 1121 2839 parte
1139 2747 1324 2816 uidendum.

504 2867 547 2933 At
566 2864 677 2954 trepidi
697 2863 801 2932 clausa
819 2865 904 2933 ciues
923 2865 1098 2933 retinentur
1116 2866 1149 2933 in
1173 2863 1250 2932 urbe
1473 2881 1553 2929 2020

505 2983 545 3049 Et
563 2999 720 3069 temptant
738 2979 884 3070 precibus
907 2982 990 3069 regis
1007 2980 1105 3049 lenire
1123 2979 1263 3048 furorem

504 3097 676 3165 Poscentes
693 3097 799 3185 posito
818 3096 903 3185 pacis
921 3094 979 3164 sibi
998 3094 1104 3163 federa
1119 3094 1213 3163 bello.

498 3213 634 3302 Jamque
653 3231 794 3280 oratores
813 3212 944 3280 aderant
961 3212 1129 3301 ipsumque
1147 3210 1307 3301 rogabant

503 3325 605 3395 Affusi
623 3326 759 3416 genibus
776 3329 923 3395 Brixiane
941 3350 1068 3417 parcere
1087 3329 1186 3416 genti,

504 3439 616 3520 Quam
634 3465 691 3510 sua
716 3441 863 3510 dicebant
881 3441 1031 3510 mandata
1049 3441 1154 3510 subire
1169 3460 1322 3531 paratam,
1377 3514 1385 3533 Ι
1474 3459 1554 3524 2025

502 3557 662 3646 Donaque
680 3556 881 3646 spondebant
900 3557 1042 3627 ducibus.
1088 3576 1159 3627 tum
1178 3581 1233 3625 rex
1252 3556 1436 3625 Fredericus

505 3670 681 3758 indignum
700 3690 848 3760 reputans
868 3672 919 3740 hic
938 3695 1184 3762 preconsumere
1202 3672 1295 3754 uires,

421 3886 492 3933 ²007·
506 3875 565 3933 ales]
581 3876 636 3923 Cod.
650 3877 684 3921 ale
738 3889 808 3937 2009.
823 3877 872 3936 uri]
887 3877 944 3924 Cod.
958 3890 988 3922 un

369 4077 499 4134 2005·32.
519 4064 630 4119 lntomo
652 4082 667 4118 a
691 4077 786 4136 questa
813 4066 952 4120 invasione
1016 4078 1151 4138 «tequam
1165 4067 1311 4137 imperator
1327 4064 1511 4121 Loubardiam
1523 4069 1561 4122 in·

405 4148 448 4202 del
475 4149 609 4204 territorio
638 4148 783 4216 Bresciano
812 4148 846 4204 cf.
869 4149 952 4204 Vmc.
1016 4162 1146 4215 «trasset,
1157 4149 1253 4204 Boemi
1263 4151 1432 4222 provinciam
1442 4151 1561 4207 Brixien·

404 4232 492 4288 Parc.
512 4233 607 4288 Annal.
626 4231 860 4304 669;Rmrw1n1
879 4234 953 4290 Galo
1016 4252 1100 4289 «sem
1120 4246 1206 4289 totam
1232 4234 1416 4290 destruxerant
1435 4255 1460 4290 ».
1479 4235 1560 4289 Vtut„

404 4317 475 4371 Fn‘d.
489 4317 535 4383 ΙΙΙ,
551 4318 566 4388 §
582 4332 631 4387 273
648 4317 684 4372 Ο.
703 4318 837 4384 Mortuus,
849 4319 890 4372 Dc
901 4320 951 4373 rei.
1014 4320 1103 4373 Pano.
1118 4317 1171 4372 loc.
1187 4317 1231 4373 cit

404 4401 486 4456 Laud.
502 4400 567 4471 603;
581 4402 748 4456 Burcuanor
763 4414 789 4456 et
799 4403 953 4458 Cuountnr
979 4404 1056 4459 2008.
1073 4401 1116 4457 Cf.
1132 4402 1221 4458 Vana.
1237 4404 1302 4460 Aen.
1316 4401 1377 4468 Vll,
1398 4418 1456 4470 511.

405 4483 546 4538 Ursatio.
563 4484 656 4539 Chron.
673 4483 715 4539 26.
979 4488 1056 4542 2018.
1068 4487 1158 4541 Varo.
1173 4488 1239 4542 Aen.
1252 4486 1286 4556 V,
1300 4501 1326 4553 4.

289 4609 292 4611 .
370 4581 447 4634 2005.
457 4585 471 4616 c
480 4565 566 4638 Super
574 4566 675 4621 Oleam
683 4567 796 4622 fluvium
803 4586 860 4623 non
869 4568 952 4640 longe
980 4588 1058 4628 2022.
1073 4571 1116 4628 cf.
1128 4572 1218 4626 Vallo.
1232 4574 1295 4627 Aen.
1306 4572 1354 4637 IX,
1366 4570 1426 4627 600.

407 4670 422 4701 e
433 4667 448 4704 a
458 4650 547 4704 Brixia
559 4668 608 4704 sua
621 4652 769 4723 imperialia
781 4652 828 4723 ligi
841 4656 952 4725 precipit
980 4672 1057 4727 2023.
1070 4658 1159 4711 Veso.
1172 4658 1234 4712 Am.
1246 4657 1294 4724 ΙΙΙ,
1312 4673 1369 4713 roo.

408 4736 547 4790 «tentoria
557 4756 583 4790 0.
597 4736 680 4790 vina
696 4737 782 4792 Pano.
798 4737 851 4794 loc.
865 4741 908 4794 cit
981 4756 1059 4809 2024.
1074 4740 1118 4797 Cf.
1133 4741 1200 4797 Suu.
1216 4742 1277 4797 Oed.
1292 4758 1334 4813 7¹·

373 4833 449 4888 2007.
470 4820 597 4875 «duabus
616 4822 717 4875 etenim
735 4823 892 4893 septimanis
911 4839 955 4877 an·
982 4838 1058 4895 2⁰27·
1072 4823 1160 4879 Ovro.
1175 4825 1276 4879 Malam.
1290 4823 1351 4893 v11,
1362 4825 1423 4896 489.
