<?xml version="1.0" encoding="UTF-8"?>
<!DOCTYPE html PUBLIC "-//W3C//DTD XHTML 1.0 Transitional//EN"
    "http://www.w3.org/TR/xhtml1/DTD/xhtml1-transitional.dtd">
<html xmlns="http://www.w3.org/1999/xhtml" xml:lang="en" lang="en">
 <head>
  <title>
</title>
<meta http-equiv="Content-Type" content="text/html;charset=utf-8" />
  <meta name='ocr-system' content='tesseract 3.04.00' />
  <meta name='ocr-capabilities' content='ocr_page ocr_carea ocr_par ocr_line ocrx_word'/>
</head>
<body>
  <div class='ocr_page' id='page_1' title='image "./gestadifederico00monagoog_0053.png"; bbox 0 0 3436 5754; ppageno 0'>
   <div class='ocr_carea' id='block_1_1' title="bbox 521 466 1065 533">
    <p class='ocr_par' dir='ltr' id='par_1_1' title="bbox 521 466 1065 533">
     <span class='ocr_line' id='line_1_1' title="bbox 521 466 1065 533; baseline -0.004 -1"><span class='ocrx_word' id='word_1_1' title='bbox 521 477 645 533; x_wconf 80' lang='lat' dir='ltr'>GESTA</span> <span class='ocrx_word' id='word_1_2' title='bbox 673 477 712 533; x_wconf 90' lang='lat' dir='ltr'>Dl</span> <span class='ocrx_word' id='word_1_3' title='bbox 739 476 926 532; x_wconf 84' lang='lat' dir='ltr'><strong>FEDERICO</strong></span> <span class='ocrx_word' id='word_1_4' title='bbox 956 477 977 532; x_wconf 92' lang='grc' dir='ltr'>Ι.</span> <span class='ocrx_word' id='word_1_5' title='bbox 1062 466 1065 470; x_wconf 55' lang='grc'><strong>’</strong></span> 
     </span>
    </p>
   </div>
   <div class='ocr_carea' id='block_1_2' title="bbox 182 725 1216 4165">
    <p class='ocr_par' dir='ltr' id='par_1_2' title="bbox 280 725 1176 2317">
     <span class='ocr_line' id='line_1_2' title="bbox 283 725 1176 814; baseline -0.004 -20"><span class='ocrx_word' id='word_1_6' title='bbox 283 728 373 794; x_wconf 87' lang='lat' dir='ltr'>Pacis</span> <span class='ocrx_word' id='word_1_7' title='bbox 392 748 498 793; x_wconf 89' lang='lat' dir='ltr'>amare</span> <span class='ocrx_word' id='word_1_8' title='bbox 519 725 654 808; x_wconf 92' lang='lat' dir='ltr'>bonum,</span> <span class='ocrx_word' id='word_1_9' title='bbox 672 725 780 813; x_wconf 88' lang='lat' dir='ltr'>legum</span> <span class='ocrx_word' id='word_1_10' title='bbox 801 747 929 814; x_wconf 90' lang='lat' dir='ltr'>quoque</span> <span class='ocrx_word' id='word_1_11' title='bbox 947 725 1032 791; x_wconf 89' lang='lat' dir='ltr'>iussa</span> <span class='ocrx_word' id='word_1_12' title='bbox 1050 741 1176 805; x_wconf 91' lang='lat' dir='ltr'>tenere;</span> 
     </span>
     <span class='ocr_line' id='line_1_3' title="bbox 284 839 1043 930; baseline -0.004 -22"><span class='ocrx_word' id='word_1_13' title='bbox 284 842 329 908; x_wconf 94' lang='lat' dir='ltr'>Vt</span> <span class='ocrx_word' id='word_1_14' title='bbox 346 861 445 930; x_wconf 90' lang='lat' dir='ltr'>pater,</span> <span class='ocrx_word' id='word_1_15' title='bbox 463 840 576 909; x_wconf 85' lang='lat' dir='ltr'>auditis</span> <span class='ocrx_word' id='word_1_16' title='bbox 595 859 744 908; x_wconf 89' lang='lat' dir='ltr'>natorum</span> <span class='ocrx_word' id='word_1_17' title='bbox 762 839 952 922; x_wconf 85' lang='lat' dir='ltr'>excessibus,</span> <span class='ocrx_word' id='word_1_18' title='bbox 973 839 1043 906; x_wconf 92' lang='lat' dir='ltr'>illos</span> 
     </span>
     <span class='ocr_line' id='line_1_4' title="bbox 285 956 1119 1047; baseline -0.004 -22"><span class='ocrx_word' id='word_1_19' title='bbox 285 957 425 1046; x_wconf 89' lang='lat' dir='ltr'>Corrigit</span> <span class='ocrx_word' id='word_1_20' title='bbox 444 976 538 1047; x_wconf 86' lang='lat' dir='ltr'>atque</span> <span class='ocrx_word' id='word_1_21' title='bbox 557 977 669 1024; x_wconf 89' lang='lat' dir='ltr'>monet</span> <span class='ocrx_word' id='word_1_22' title='bbox 688 980 802 1046; x_wconf 90' lang='lat' dir='ltr'>prauos</span> <span class='ocrx_word' id='word_1_23' title='bbox 823 956 982 1046; x_wconf 88' lang='lat' dir='ltr'>deponere</span> <span class='ocrx_word' id='word_1_24' title='bbox 1001 978 1119 1024; x_wconf 88' lang='lat' dir='ltr'>mores.</span> 
     </span>
     <span class='ocr_line' id='line_1_5' title="bbox 283 1073 1024 1141; baseline -0.004 0"><span class='ocrx_word' id='word_1_25' title='bbox 283 1073 542 1141; x_wconf 84' lang='lat' dir='ltr'>Mediolanenses</span> <span class='ocrx_word' id='word_1_26' title='bbox 561 1073 662 1140; x_wconf 91' lang='lat' dir='ltr'>eciam</span> <span class='ocrx_word' id='word_1_27' title='bbox 682 1073 874 1139; x_wconf 87' lang='lat' dir='ltr'>comitantur</span> <span class='ocrx_word' id='word_1_28' title='bbox 892 1089 1024 1139; x_wconf 88' lang='lat' dir='ltr'>euntem</span> 
     </span>
     <span class='ocr_line' id='line_1_6' title="bbox 282 1187 1079 1272; baseline -0.004 -15"><span class='ocrx_word' id='word_1_29' title='bbox 282 1189 407 1272; x_wconf 88' lang='lat' dir='ltr'>Verbis,</span> <span class='ocrx_word' id='word_1_30' title='bbox 426 1212 493 1257; x_wconf 91' lang='lat' dir='ltr'>non</span> <span class='ocrx_word' id='word_1_31' title='bbox 513 1189 617 1272; x_wconf 89' lang='lat' dir='ltr'>rebus,</span> <span class='ocrx_word' id='word_1_32' title='bbox 636 1212 671 1256; x_wconf 87' lang='lat' dir='ltr'>se</span> <span class='ocrx_word' id='word_1_33' title='bbox 690 1189 771 1257; x_wconf 91' lang='lat' dir='ltr'>uelle</span> <span class='ocrx_word' id='word_1_34' title='bbox 787 1187 915 1256; x_wconf 88' lang='lat' dir='ltr'>subesse</span> <span class='ocrx_word' id='word_1_35' title='bbox 934 1187 1079 1270; x_wconf 86' lang='lat' dir='ltr'>fatentes,</span> 
     </span>
     <span class='ocr_line' id='line_1_7' title="bbox 283 1303 1079 1394; baseline -0.004 -20"><span class='ocrx_word' id='word_1_36' title='bbox 283 1306 514 1394; x_wconf 87' lang='lat' dir='ltr'>Conanturque</span> <span class='ocrx_word' id='word_1_37' title='bbox 532 1305 649 1374; x_wconf 90' lang='lat' dir='ltr'>ducem</span> <span class='ocrx_word' id='word_1_38' title='bbox 666 1304 789 1373; x_wconf 84' lang='lat' dir='ltr'>blandis</span> <span class='ocrx_word' id='word_1_39' title='bbox 808 1304 959 1373; x_wconf 85' lang='lat' dir='ltr'>seducere</span> <span class='ocrx_word' id='word_1_40' title='bbox 978 1303 1079 1372; x_wconf 90' lang='lat' dir='ltr'>dictis.</span> 
     </span>
     <span class='ocr_line' id='line_1_8' title="bbox 283 1419 1131 1510; baseline -0.005 -20"><span class='ocrx_word' id='word_1_41' title='bbox 283 1421 378 1502; x_wconf 91' lang='lat' dir='ltr'>Quos</span> <span class='ocrx_word' id='word_1_42' title='bbox 397 1441 504 1490; x_wconf 90' lang='lat' dir='ltr'>tamen</span> <span class='ocrx_word' id='word_1_43' title='bbox 525 1423 658 1510; x_wconf 89' lang='lat' dir='ltr'>insignis</span> <span class='ocrx_word' id='word_1_44' title='bbox 676 1422 822 1510; x_wconf 92' lang='lat' dir='ltr'>princeps</span> <span class='ocrx_word' id='word_1_45' title='bbox 842 1419 1012 1509; x_wconf 89' lang='lat' dir='ltr'>compellat</span> <span class='ocrx_word' id='word_1_46' title='bbox 1030 1422 1131 1487; x_wconf 89' lang='lat' dir='ltr'>amice</span> 
     </span>
     <span class='ocr_line' id='line_1_9' title="bbox 283 1536 986 1625; baseline -0.001 -21"><span class='ocrx_word' id='word_1_47' title='bbox 283 1537 501 1625; x_wconf 91' lang='lat' dir='ltr'>Hortaturque</span> <span class='ocrx_word' id='word_1_48' title='bbox 518 1537 582 1605; x_wconf 92' lang='lat' dir='ltr'>suis</span> <span class='ocrx_word' id='word_1_49' title='bbox 601 1536 671 1604; x_wconf 89' lang='lat' dir='ltr'>illos</span> <span class='ocrx_word' id='word_1_50' title='bbox 690 1560 724 1604; x_wconf 91' lang='lat' dir='ltr'>se</span> <span class='ocrx_word' id='word_1_51' title='bbox 743 1536 877 1605; x_wconf 90' lang='lat' dir='ltr'>subdere</span> <span class='ocrx_word' id='word_1_52' title='bbox 895 1538 986 1605; x_wconf 90' lang='lat' dir='ltr'>iussis</span> 
     </span>
     <span class='ocr_line' id='line_1_10' title="bbox 284 1649 1067 1742; baseline -0.001 -24"><span class='ocrx_word' id='word_1_53' title='bbox 284 1652 323 1718; x_wconf 91' lang='lat' dir='ltr'>Et</span> <span class='ocrx_word' id='word_1_54' title='bbox 341 1669 433 1739; x_wconf 87' lang='lat' dir='ltr'>rogat</span> <span class='ocrx_word' id='word_1_55' title='bbox 452 1670 488 1719; x_wconf 91' lang='lat' dir='ltr'>ut</span> <span class='ocrx_word' id='word_1_56' title='bbox 505 1652 638 1742; x_wconf 91' lang='lat' dir='ltr'>propriis</span> <span class='ocrx_word' id='word_1_57' title='bbox 657 1650 814 1719; x_wconf 88' lang='lat' dir='ltr'>deducant</span> <span class='ocrx_word' id='word_1_58' title='bbox 832 1649 949 1719; x_wconf 89' lang='lat' dir='ltr'>finibus</span> <span class='ocrx_word' id='word_1_59' title='bbox 968 1651 1067 1718; x_wconf 88' lang='lat' dir='ltr'>illum.</span> 
     </span>
     <span class='ocr_line' id='line_1_11' title="bbox 282 1765 1045 1855; baseline -0.003 -21"><span class='ocrx_word' id='word_1_60' title='bbox 282 1768 338 1834; x_wconf 91' lang='lat' dir='ltr'>Est</span> <span class='ocrx_word' id='word_1_61' title='bbox 356 1766 446 1835; x_wconf 93' lang='lat' dir='ltr'>locus</span> <span class='ocrx_word' id='word_1_62' title='bbox 466 1790 483 1833; x_wconf 90' lang='lat' dir='ltr'>a</span> <span class='ocrx_word' id='word_1_63' title='bbox 502 1789 623 1855; x_wconf 88' lang='lat' dir='ltr'>magno</span> <span class='ocrx_word' id='word_1_64' title='bbox 644 1789 711 1834; x_wconf 95' lang='lat' dir='ltr'>non</span> <span class='ocrx_word' id='word_1_65' title='bbox 730 1765 828 1855; x_wconf 88' lang='lat' dir='ltr'>longe</span> <span class='ocrx_word' id='word_1_66' title='bbox 848 1765 1045 1847; x_wconf 90' lang='lat' dir='ltr'>Mediolano,</span> 
     </span>
     <span class='ocr_line' id='line_1_12' title="bbox 282 1881 1108 1970; baseline -0.002 -21"><span class='ocrx_word' id='word_1_67' title='bbox 282 1881 344 1949; x_wconf 90' lang='lat' dir='ltr'>Cui</span> <span class='ocrx_word' id='word_1_68' title='bbox 363 1899 485 1949; x_wconf 86' lang='lat' dir='ltr'>ueteres</span> <span class='ocrx_word' id='word_1_69' title='bbox 505 1883 669 1970; x_wconf 90' lang='lat' dir='ltr'>proprium</span> <span class='ocrx_word' id='word_1_70' title='bbox 687 1904 822 1970; x_wconf 86' lang='lat' dir='ltr'>posuere</span> <span class='ocrx_word' id='word_1_71' title='bbox 843 1882 957 1949; x_wconf 90' lang='lat' dir='ltr'>Moitia</span> <span class='ocrx_word' id='word_1_72' title='bbox 974 1904 1108 1963; x_wconf 90' lang='lat' dir='ltr'>nornen,</span> 
     </span>
     <span class='ocr_line' id='line_1_13' title="bbox 280 1995 1101 2086; baseline 0.001 -24"><span class='ocrx_word' id='word_1_73' title='bbox 280 1996 422 2086; x_wconf 90' lang='lat' dir='ltr'>Templo</span> <span class='ocrx_word' id='word_1_74' title='bbox 441 1996 494 2065; x_wconf 90' lang='lat' dir='ltr'>ubi</span> <span class='ocrx_word' id='word_1_75' title='bbox 513 1995 639 2064; x_wconf 87' lang='lat' dir='ltr'>famoso</span> <span class='ocrx_word' id='word_1_76' title='bbox 659 1996 772 2064; x_wconf 92' lang='lat' dir='ltr'>colitur</span> <span class='ocrx_word' id='word_1_77' title='bbox 791 1997 908 2064; x_wconf 89' lang='lat' dir='ltr'>Batista</span> <span class='ocrx_word' id='word_1_78' title='bbox 927 1996 1101 2079; x_wconf 90' lang='lat' dir='ltr'>Iohannes,</span> 
     </span>
     <span class='ocr_line' id='line_1_14' title="bbox 281 2111 1109 2201; baseline 0 -21"><span class='ocrx_word' id='word_1_79' title='bbox 281 2111 382 2192; x_wconf 90' lang='lat' dir='ltr'>Quod</span> <span class='ocrx_word' id='word_1_80' title='bbox 401 2111 540 2200; x_wconf 89' lang='lat' dir='ltr'>precelsa</span> <span class='ocrx_word' id='word_1_81' title='bbox 557 2111 647 2180; x_wconf 88' lang='lat' dir='ltr'>datur</span> <span class='ocrx_word' id='word_1_82' title='bbox 665 2111 815 2181; x_wconf 85' lang='lat' dir='ltr'>fundasse</span> <span class='ocrx_word' id='word_1_83' title='bbox 834 2114 976 2201; x_wconf 88' lang='lat' dir='ltr'>potentia</span> <span class='ocrx_word' id='word_1_84' title='bbox 995 2136 1109 2201; x_wconf 89' lang='lat' dir='ltr'>regum</span> 
     </span>
     <span class='ocr_line' id='line_1_15' title="bbox 281 2225 1067 2317; baseline 0 -23"><span class='ocrx_word' id='word_1_85' title='bbox 281 2229 386 2316; x_wconf 85' lang='lat' dir='ltr'>Atque</span> <span class='ocrx_word' id='word_1_86' title='bbox 405 2226 519 2317; x_wconf 91' lang='lat' dir='ltr'>opibus</span> <span class='ocrx_word' id='word_1_87' title='bbox 538 2225 653 2295; x_wconf 88' lang='lat' dir='ltr'>ditasse</span> <span class='ocrx_word' id='word_1_88' title='bbox 672 2229 736 2295; x_wconf 91' lang='lat' dir='ltr'>suis</span> <span class='ocrx_word' id='word_1_89' title='bbox 756 2250 897 2316; x_wconf 90' lang='lat' dir='ltr'>auroque</span> <span class='ocrx_word' id='word_1_90' title='bbox 916 2228 1067 2316; x_wconf 84' lang='lat' dir='ltr'>replesse3</span> 
     </span>
    </p>

    <p class='ocr_par' dir='ltr' id='par_1_3' title="bbox 218 2343 1166 3011">
     <span class='ocr_line' id='line_1_16' title="bbox 218 2343 1104 2433; baseline 0.001 -22"><span class='ocrx_word' id='word_1_91' title='bbox 218 2426 222 2431; x_wconf 21' lang='lat'><strong><em>⁴</em></strong></span> <span class='ocrx_word' id='word_1_92' title='bbox 280 2343 375 2412; x_wconf 88' lang='lat' dir='ltr'>Vnde</span> <span class='ocrx_word' id='word_1_93' title='bbox 394 2343 475 2411; x_wconf 92' lang='lat' dir='ltr'>solet</span> <span class='ocrx_word' id='word_1_94' title='bbox 493 2344 638 2433; x_wconf 90' lang='lat' dir='ltr'>princeps</span> <span class='ocrx_word' id='word_1_95' title='bbox 659 2347 837 2427; x_wconf 89' lang='lat' dir='ltr'>Romanus,</span> <span class='ocrx_word' id='word_1_96' title='bbox 856 2367 947 2413; x_wconf 88' lang='lat' dir='ltr'>more</span> <span class='ocrx_word' id='word_1_97' title='bbox 966 2364 1104 2426; x_wconf 91' lang='lat' dir='ltr'>uetusto,</span> 
     </span>
     <span class='ocr_line' id='line_1_17' title="bbox 280 2459 1166 2550; baseline 0 -22"><span class='ocrx_word' id='word_1_98' title='bbox 280 2460 366 2528; x_wconf 90' lang='lat' dir='ltr'>Cum</span> <span class='ocrx_word' id='word_1_99' title='bbox 385 2459 527 2548; x_wconf 86' lang='lat' dir='ltr'>graditur</span> <span class='ocrx_word' id='word_1_100' title='bbox 545 2461 696 2543; x_wconf 87' lang='lat' dir='ltr'>Romam,</span> <span class='ocrx_word' id='word_1_101' title='bbox 714 2459 872 2549; x_wconf 84' lang='lat' dir='ltr'>prefatum</span> <span class='ocrx_word' id='word_1_102' title='bbox 891 2462 992 2529; x_wconf 90' lang='lat' dir='ltr'>uisere</span> <span class='ocrx_word' id='word_1_103' title='bbox 1011 2461 1166 2550; x_wconf 90' lang='lat' dir='ltr'>ternplum</span> 
     </span>
     <span class='ocr_line' id='line_1_18' title="bbox 279 2575 1072 2665; baseline 0.003 -23"><span class='ocrx_word' id='word_1_104' title='bbox 279 2578 385 2664; x_wconf 88' lang='lat' dir='ltr'>Atque</span> <span class='ocrx_word' id='word_1_105' title='bbox 406 2577 551 2644; x_wconf 90' lang='lat' dir='ltr'>coronari</span> <span class='ocrx_word' id='word_1_106' title='bbox 570 2577 727 2664; x_wconf 84' lang='lat' dir='ltr'>Ligurum</span> <span class='ocrx_word' id='word_1_107' title='bbox 747 2575 927 2644; x_wconf 89' lang='lat' dir='ltr'>diademate</span> <span class='ocrx_word' id='word_1_108' title='bbox 947 2600 1072 2665; x_wconf 88' lang='lat' dir='ltr'>regum.</span> 
     </span>
     <span class='ocr_line' id='line_1_19' title="bbox 280 2691 1144 2781; baseline -0.001 -22"><span class='ocrx_word' id='word_1_109' title='bbox 280 2692 367 2780; x_wconf 89' lang='lat' dir='ltr'>Ergo</span> <span class='ocrx_word' id='word_1_110' title='bbox 383 2709 509 2781; x_wconf 90' lang='lat' dir='ltr'>patrum</span> <span class='ocrx_word' id='word_1_111' title='bbox 527 2714 653 2759; x_wconf 90' lang='lat' dir='ltr'>seruare</span> <span class='ocrx_word' id='word_1_112' title='bbox 669 2693 781 2759; x_wconf 93' lang='lat' dir='ltr'>uolens</span> <span class='ocrx_word' id='word_1_113' title='bbox 801 2715 927 2760; x_wconf 90' lang='lat' dir='ltr'>morem</span> <span class='ocrx_word' id='word_1_114' title='bbox 947 2691 1144 2775; x_wconf 89' lang='lat' dir='ltr'>Fredericus,</span> 
     </span>
     <span class='ocr_line' id='line_1_20' title="bbox 279 2806 968 2877; baseline 0.004 -4"><span class='ocrx_word' id='word_1_115' title='bbox 279 2806 421 2874; x_wconf 89' lang='lat' dir='ltr'>Postulat</span> <span class='ocrx_word' id='word_1_116' title='bbox 440 2825 475 2875; x_wconf 94' lang='lat' dir='ltr'>ut</span> <span class='ocrx_word' id='word_1_117' title='bbox 494 2808 580 2875; x_wconf 92' lang='lat' dir='ltr'>ciues</span> <span class='ocrx_word' id='word_1_118' title='bbox 599 2806 662 2874; x_wconf 91' lang='lat' dir='ltr'>huc</span> <span class='ocrx_word' id='word_1_119' title='bbox 681 2807 772 2876; x_wconf 90' lang='lat' dir='ltr'>illum</span> <span class='ocrx_word' id='word_1_120' title='bbox 791 2808 968 2877; x_wconf 89' lang='lat' dir='ltr'>Mediolani</span> 
     </span>
     <span class='ocr_line' id='line_1_21' title="bbox 279 2921 1154 3011; baseline 0.002 -22"><span class='ocrx_word' id='word_1_121' title='bbox 279 2923 406 2989; x_wconf 88' lang='lat' dir='ltr'>Ducant</span> <span class='ocrx_word' id='word_1_122' title='bbox 426 2944 499 2989; x_wconf 92' lang='lat' dir='ltr'>cum</span> <span class='ocrx_word' id='word_1_123' title='bbox 519 2921 610 2989; x_wconf 89' lang='lat' dir='ltr'>turba</span> <span class='ocrx_word' id='word_1_124' title='bbox 629 2945 797 3011; x_wconf 89' lang='lat' dir='ltr'>procerum</span> <span class='ocrx_word' id='word_1_125' title='bbox 818 2924 993 2992; x_wconf 89' lang='lat' dir='ltr'>comitante</span> <span class='ocrx_word' id='word_1_126' title='bbox 1010 2947 1154 2993; x_wconf 89' lang='lat' dir='ltr'>suorum.</span> 
     </span>
    </p>

    <p class='ocr_par' dir='ltr' id='par_1_4' title="bbox 182 3036 1216 3128">
     <span class='ocr_line' id='line_1_22' title="bbox 182 3036 1216 3128; baseline 0.003 -24"><span class='ocrx_word' id='word_1_127' title='bbox 182 3106 187 3115; x_wconf 77' lang='grc'>,</span> <span class='ocrx_word' id='word_1_128' title='bbox 279 3036 329 3104; x_wconf 85' lang='lat' dir='ltr'>Ad</span> <span class='ocrx_word' id='word_1_129' title='bbox 348 3060 445 3127; x_wconf 92' lang='lat' dir='ltr'>quern</span> <span class='ocrx_word' id='word_1_130' title='bbox 465 3038 577 3105; x_wconf 91' lang='lat' dir='ltr'>consul</span> <span class='ocrx_word' id='word_1_131' title='bbox 596 3040 656 3105; x_wconf 89' lang='lat' dir='ltr'>ait:</span> <span class='ocrx_word' id='word_1_132' title='bbox 682 3065 697 3102; x_wconf 76' lang='lat' dir='ltr'>a</span> <span class='ocrx_word' id='word_1_133' title='bbox 716 3040 851 3121; x_wconf 91' lang='lat' dir='ltr'>Vestris,</span> <span class='ocrx_word' id='word_1_134' title='bbox 867 3057 954 3128; x_wconf 91' lang='lat' dir='ltr'>pater</span> <span class='ocrx_word' id='word_1_135' title='bbox 973 3041 1106 3128; x_wconf 89' lang='lat' dir='ltr'>optime,</span> <span class='ocrx_word' id='word_1_136' title='bbox 1124 3041 1216 3107; x_wconf 90' lang='lat' dir='ltr'>iussis</span> 
     </span>
    </p>

    <p class='ocr_par' dir='ltr' id='par_1_5' title="bbox 280 3147 1168 4165">
     <span class='ocr_line' id='line_1_23' title="bbox 283 3150 1120 3245; baseline 0.008 -30"><span class='ocrx_word' id='word_1_137' title='bbox 283 3153 381 3221; x_wconf 89' lang='lat' dir='ltr'>«Nos</span> <span class='ocrx_word' id='word_1_138' title='bbox 401 3150 548 3240; x_wconf 89' lang='lat' dir='ltr'>equidem</span> <span class='ocrx_word' id='word_1_139' title='bbox 568 3175 676 3242; x_wconf 89' lang='lat' dir='ltr'>parere</span> <span class='ocrx_word' id='word_1_140' title='bbox 691 3177 804 3222; x_wconf 89' lang='lat' dir='ltr'>sumus</span> <span class='ocrx_word' id='word_1_141' title='bbox 820 3177 878 3243; x_wconf 93' lang='lat' dir='ltr'>pro</span> <span class='ocrx_word' id='word_1_142' title='bbox 896 3178 991 3243; x_wconf 91' lang='lat' dir='ltr'>posse</span> <span class='ocrx_word' id='word_1_143' title='bbox 1009 3157 1120 3245; x_wconf 88' lang='lat' dir='ltr'>parati,</span> 
     </span>
     <span class='ocr_line' id='line_1_24' title="bbox 283 3266 1050 3358; baseline 0.008 -28"><span class='ocrx_word' id='word_1_144' title='bbox 283 3266 380 3347; x_wconf 78' lang='lat' dir='ltr'>«Qui</span> <span class='ocrx_word' id='word_1_145' title='bbox 399 3267 567 3336; x_wconf 89' lang='lat' dir='ltr'>iuramenti</span> <span class='ocrx_word' id='word_1_146' title='bbox 586 3267 693 3337; x_wconf 90' lang='lat' dir='ltr'>uinclo</span> <span class='ocrx_word' id='word_1_147' title='bbox 714 3268 884 3337; x_wconf 89' lang='lat' dir='ltr'>cohibente</span> <span class='ocrx_word' id='word_1_148' title='bbox 903 3269 1050 3358; x_wconf 85' lang='lat' dir='ltr'>ligamur.</span> 
     </span>
     <span class='ocr_line' id='line_1_25' title="bbox 280 3382 1151 3471; baseline 0.007 -26"><span class='ocrx_word' id='word_1_149' title='bbox 280 3407 297 3446; x_wconf 78' lang='lat' dir='ltr'>a</span> <span class='ocrx_word' id='word_1_150' title='bbox 308 3383 351 3449; x_wconf 84' lang='lat' dir='ltr'>At</span> <span class='ocrx_word' id='word_1_151' title='bbox 370 3382 488 3471; x_wconf 91' lang='lat' dir='ltr'>nequid</span> <span class='ocrx_word' id='word_1_152' title='bbox 505 3403 618 3451; x_wconf 84' lang='lat' dir='ltr'>noceat</span> <span class='ocrx_word' id='word_1_153' title='bbox 637 3385 732 3451; x_wconf 90' lang='lat' dir='ltr'>nimis</span> <span class='ocrx_word' id='word_1_154' title='bbox 753 3385 855 3453; x_wconf 85' lang='lat' dir='ltr'>audax</span> <span class='ocrx_word' id='word_1_155' title='bbox 875 3404 984 3452; x_wconf 91' lang='lat' dir='ltr'>nostra</span> <span class='ocrx_word' id='word_1_156' title='bbox 1003 3385 1151 3454; x_wconf 89' lang='lat' dir='ltr'>iuuentus</span> 
     </span>
     <span class='ocr_line' id='line_1_26' title="bbox 282 3498 1168 3589; baseline 0.009 -29"><span class='ocrx_word' id='word_1_157' title='bbox 282 3498 504 3586; x_wconf 79' lang='lat' dir='ltr'>«Agminibus</span> <span class='ocrx_word' id='word_1_158' title='bbox 522 3500 645 3582; x_wconf 90' lang='lat' dir='ltr'>uestris,</span> <span class='ocrx_word' id='word_1_159' title='bbox 665 3499 756 3583; x_wconf 88' lang='lat' dir='ltr'>adeo,</span> <span class='ocrx_word' id='word_1_160' title='bbox 778 3524 834 3568; x_wconf 83' lang='lat' dir='ltr'>rex</span> <span class='ocrx_word' id='word_1_161' title='bbox 853 3524 982 3589; x_wconf 89' lang='lat' dir='ltr'>magne,</span> <span class='ocrx_word' id='word_1_162' title='bbox 1002 3524 1168 3569; x_wconf 89' lang='lat' dir='ltr'>ueremur:</span> 
     </span>
     <span class='ocr_line' id='line_1_27' title="bbox 282 3613 1098 3704; baseline -0.001 -22"><span class='ocrx_word' id='word_1_163' title='bbox 282 3614 394 3682; x_wconf 88' lang='lat' dir='ltr'>«Nam</span> <span class='ocrx_word' id='word_1_164' title='bbox 413 3614 537 3681; x_wconf 88' lang='lat' dir='ltr'>turbata</span> <span class='ocrx_word' id='word_1_165' title='bbox 555 3613 653 3697; x_wconf 91' lang='lat' dir='ltr'>dolet,</span> <span class='ocrx_word' id='word_1_166' title='bbox 672 3617 746 3704; x_wconf 92' lang='lat' dir='ltr'>quia</span> <span class='ocrx_word' id='word_1_167' title='bbox 765 3638 899 3683; x_wconf 91' lang='lat' dir='ltr'>munera</span> <span class='ocrx_word' id='word_1_168' title='bbox 920 3614 1098 3683; x_wconf 90' lang='lat' dir='ltr'>Mediolani</span> 
     </span>
     <span class='ocr_line' id='line_1_28' title="bbox 283 3728 1142 3820; baseline 0.009 -29"><span class='ocrx_word' id='word_1_169' title='bbox 283 3753 299 3791; x_wconf 77' lang='grc' dir='ltr'>α</span> <span class='ocrx_word' id='word_1_170' title='bbox 312 3728 465 3816; x_wconf 88' lang='lat' dir='ltr'>Spemitis</span> <span class='ocrx_word' id='word_1_171' title='bbox 484 3748 515 3796; x_wconf 92' lang='lat' dir='ltr'>et</span> <span class='ocrx_word' id='word_1_172' title='bbox 534 3748 677 3798; x_wconf 90' lang='lat' dir='ltr'>ueterem</span> <span class='ocrx_word' id='word_1_173' title='bbox 696 3749 818 3799; x_wconf 93' lang='lat' dir='ltr'>mutare</span> <span class='ocrx_word' id='word_1_174' title='bbox 837 3731 952 3820; x_wconf 83' lang='lat' dir='ltr'>paratis</span> <span class='ocrx_word' id='word_1_175' title='bbox 972 3730 1142 3799; x_wconf 89' lang='lat' dir='ltr'>honorem.</span> 
     </span>
     <span class='ocr_line' id='line_1_29' title="bbox 283 3842 1141 3927; baseline 0.003 -18"><span class='ocrx_word' id='word_1_176' title='bbox 283 3842 406 3910; x_wconf 86' lang='lat' dir='ltr'>«Vnde</span> <span class='ocrx_word' id='word_1_177' title='bbox 425 3867 485 3911; x_wconf 91' lang='lat' dir='ltr'>nec</span> <span class='ocrx_word' id='word_1_178' title='bbox 504 3844 658 3913; x_wconf 89' lang='lat' dir='ltr'>audemus</span> <span class='ocrx_word' id='word_1_179' title='bbox 677 3868 736 3913; x_wconf 91' lang='lat' dir='ltr'>uos</span> <span class='ocrx_word' id='word_1_180' title='bbox 755 3846 828 3914; x_wconf 89' lang='lat' dir='ltr'>illuc</span> <span class='ocrx_word' id='word_1_181' title='bbox 848 3844 1003 3914; x_wconf 90' lang='lat' dir='ltr'>deducere</span> <span class='ocrx_word' id='word_1_182' title='bbox 1023 3865 1141 3927; x_wconf 90' lang='lat' dir='ltr'>tutum,</span> 
     </span>
     <span class='ocr_line' id='line_1_30' title="bbox 282 3956 1077 4047; baseline 0.001 -21"><span class='ocrx_word' id='word_1_183' title='bbox 282 3982 298 4020; x_wconf 91' lang='lat'>«</span> <span class='ocrx_word' id='word_1_184' title='bbox 309 3958 354 4026; x_wconf 91' lang='lat' dir='ltr'>Ni</span> <span class='ocrx_word' id='word_1_185' title='bbox 373 3956 493 4046; x_wconf 86' lang='lat' dir='ltr'>placeat</span> <span class='ocrx_word' id='word_1_186' title='bbox 512 3961 618 4047; x_wconf 90' lang='lat' dir='ltr'>paucis</span> <span class='ocrx_word' id='word_1_187' title='bbox 635 3980 760 4028; x_wconf 90' lang='lat' dir='ltr'>tantum</span> <span class='ocrx_word' id='word_1_188' title='bbox 776 3959 1003 4027; x_wconf 90' lang='lat' dir='ltr'>comitantibus</span> <span class='ocrx_word' id='word_1_189' title='bbox 1021 3961 1077 4027; x_wconf 92' lang='lat' dir='ltr'>ire.</span> 
     </span>
     <span class='ocr_line' id='line_1_31' title="bbox 282 4072 1160 4165; baseline 0.002 -25"><span class='ocrx_word' id='word_1_190' title='bbox 282 4072 412 4153; x_wconf 91' lang='lat' dir='ltr'>«Quod</span> <span class='ocrx_word' id='word_1_191' title='bbox 431 4075 457 4141; x_wconf 92' lang='lat' dir='ltr'>si</span> <span class='ocrx_word' id='word_1_192' title='bbox 476 4093 580 4143; x_wconf 88' lang='lat' dir='ltr'>uestra</span> <span class='ocrx_word' id='word_1_193' title='bbox 600 4074 690 4143; x_wconf 89' lang='lat' dir='ltr'>datur</span> <span class='ocrx_word' id='word_1_194' title='bbox 708 4076 828 4165; x_wconf 90' lang='lat' dir='ltr'>populo</span> <span class='ocrx_word' id='word_1_195' title='bbox 846 4077 897 4164; x_wconf 94' lang='lat' dir='ltr'>pia</span> <span class='ocrx_word' id='word_1_196' title='bbox 916 4077 1017 4164; x_wconf 88' lang='lat' dir='ltr'>gratia</span> <span class='ocrx_word' id='word_1_197' title='bbox 1036 4093 1160 4158; x_wconf 18' lang='lat' dir='ltr'>nostro,⁴</span> 
     </span>
    </p>
   </div>
   <div class='ocr_carea' id='block_1_3' title="bbox 144 4265 1341 4408">
    <p class='ocr_par' dir='ltr' id='par_1_6' title="bbox 144 4265 1341 4408">
     <span class='ocr_line' id='line_1_32' title="bbox 200 4265 1341 4326; baseline 0.002 -18"><span class='ocrx_word' id='word_1_198' title='bbox 200 4276 245 4323; x_wconf 70' lang='lat'>192·</span> <span class='ocrx_word' id='word_1_199' title='bbox 260 4273 335 4310; x_wconf 82' lang='lat' dir='ltr'>tenere</span> <span class='ocrx_word' id='word_1_200' title='bbox 348 4277 363 4310; x_wconf 89' lang='grc' dir='ltr'><strong><em>ο</em></strong></span> <span class='ocrx_word' id='word_1_201' title='bbox 376 4265 454 4311; x_wconf 85' lang='lat' dir='ltr'>timere</span> <span class='ocrx_word' id='word_1_202' title='bbox 468 4266 481 4311; x_wconf 73' lang='lat' dir='ltr'><em>P</em></span> <span class='ocrx_word' id='word_1_203' title='bbox 495 4268 519 4312; x_wconf 83' lang='lat' dir='ltr'>la</span> <span class='ocrx_word' id='word_1_204' title='bbox 532 4269 618 4325; x_wconf 79' lang='lat' dir='ltr'>parata</span> <span class='ocrx_word' id='word_1_205' title='bbox 633 4271 672 4314; x_wconf 78' lang='lat' dir='ltr'>ael</span> <span class='ocrx_word' id='word_1_206' title='bbox 684 4267 740 4313; x_wconf 74' lang='lat' dir='ltr'>Cod-</span> <span class='ocrx_word' id='word_1_207' title='bbox 751 4269 765 4313; x_wconf 72' lang='grc' dir='ltr'><strong><em>ὲ</em></strong></span> <span class='ocrx_word' id='word_1_208' title='bbox 777 4267 849 4326; x_wconf 76' lang='lat' dir='ltr'>quari</span> <span class='ocrx_word' id='word_1_209' title='bbox 857 4268 946 4326; x_wconf 68' lang='lat' dir='ltr'>affatio</span> <span class='ocrx_word' id='word_1_210' title='bbox 959 4269 1051 4323; x_wconf 62' lang='lat' dir='ltr'>deletas</span> <span class='ocrx_word' id='word_1_211' title='bbox 1065 4271 1089 4314; x_wconf 82' lang='lat' dir='ltr'>la</span> <span class='ocrx_word' id='word_1_212' title='bbox 1102 4268 1172 4325; x_wconf 71' lang='lat' dir='ltr'>copta</span> <span class='ocrx_word' id='word_1_213' title='bbox 1179 4267 1221 4312; x_wconf 78' lang='lat' dir='ltr'>del</span> <span class='ocrx_word' id='word_1_214' title='bbox 1235 4266 1341 4311; x_wconf 71' lang='lat' dir='ltr'>visconti</span> 
     </span>
     <span class='ocr_line' id='line_1_33' title="bbox 144 4343 1339 4408; baseline 0.003 -21"><span class='ocrx_word' id='word_1_215' title='bbox 144 4355 200 4390; x_wconf 77' lang='lat' dir='ltr'>recu</span> <span class='ocrx_word' id='word_1_216' title='bbox 213 4343 300 4399; x_wconf 79' lang='lat' dir='ltr'>timere,</span> <span class='ocrx_word' id='word_1_217' title='bbox 314 4359 354 4391; x_wconf 83' lang='lat' dir='ltr'>ma</span> <span class='ocrx_word' id='word_1_218' title='bbox 368 4347 405 4403; x_wconf 74' lang='lat' dir='ltr'>cs.</span> <span class='ocrx_word' id='word_1_219' title='bbox 423 4358 600 4407; x_wconf 75' lang='lat'>172‚177‚199.</span> <span class='ocrx_word' id='word_1_220' title='bbox 617 4348 670 4408; x_wconf 84' lang='lat'>318.</span> <span class='ocrx_word' id='word_1_221' title='bbox 752 4361 803 4394; x_wconf 84' lang='lat' dir='ltr'>aot.</span> <span class='ocrx_word' id='word_1_222' title='bbox 824 4349 881 4395; x_wconf 82' lang='lat' dir='ltr'>Cod.</span> <span class='ocrx_word' id='word_1_223' title='bbox 901 4349 991 4407; x_wconf 80' lang='lat' dir='ltr'>Corigit</span> <span class='ocrx_word' id='word_1_224' title='bbox 1062 4361 1114 4394; x_wconf 77' lang='lat' dir='ltr'>aot.</span> <span class='ocrx_word' id='word_1_225' title='bbox 1135 4348 1191 4394; x_wconf 84' lang='lat' dir='ltr'>Cod.</span> <span class='ocrx_word' id='word_1_226' title='bbox 1210 4346 1339 4392; x_wconf 71' lang='lat' dir='ltr'>comittitur</span> 
     </span>
    </p>
   </div>
   <div class='ocr_carea' id='block_1_4' title="bbox 143 4423 1340 4550">
    <p class='ocr_par' dir='ltr' id='par_1_7' title="bbox 143 4423 1340 4550">
     <span class='ocr_line' id='line_1_34' title="bbox 145 4423 1340 4487; baseline 0.004 -20"><span class='ocrx_word' id='word_1_227' title='bbox 145 4423 273 4481; x_wconf 76' lang='lat' dir='ltr'>205.Cod.</span> <span class='ocrx_word' id='word_1_228' title='bbox 289 4426 409 4483; x_wconf 80' lang='lat' dir='ltr'>compellat</span> <span class='ocrx_word' id='word_1_229' title='bbox 463 4438 515 4471; x_wconf 84' lang='lat' dir='ltr'>aro.</span> <span class='ocrx_word' id='word_1_230' title='bbox 531 4426 598 4471; x_wconf 79' lang='lat' dir='ltr'>corr.</span> <span class='ocrx_word' id='word_1_231' title='bbox 614 4428 711 4482; x_wconf 84' lang='lat' dir='ltr'>Baptista</span> <span class='ocrx_word' id='word_1_232' title='bbox 768 4428 1090 4487; x_wconf 78' lang='lat' dir='ltr'>217.coanunc‚cs.255.</span> <span class='ocrx_word' id='word_1_233' title='bbox 1145 4440 1194 4473; x_wconf 74' lang='lat' dir='ltr'>azo.</span> <span class='ocrx_word' id='word_1_234' title='bbox 1211 4427 1266 4472; x_wconf 82' lang='lat' dir='ltr'>Cod.</span> <span class='ocrx_word' id='word_1_235' title='bbox 1285 4438 1340 4483; x_wconf 76' lang='lat' dir='ltr'>poce</span> 
     </span>
     <span class='ocr_line' id='line_1_35' title="bbox 143 4514 348 4550; baseline 0.015 -3"><span class='ocrx_word' id='word_1_236' title='bbox 143 4514 348 4550; x_wconf 75' lang='lat' dir='ltr'>emncasumua</span> 
     </span>
    </p>
   </div>
   <div class='ocr_carea' id='block_1_5' title="bbox 144 4663 1293 4821">
    <p class='ocr_par' dir='ltr' id='par_1_8' title="bbox 144 4663 1293 4821">
     <span class='ocr_line' id='line_1_36' title="bbox 144 4663 1293 4739; baseline -0.002 -20"><span class='ocrx_word' id='word_1_237' title='bbox 144 4680 203 4731; x_wconf 85' lang='lat'>205.</span> <span class='ocrx_word' id='word_1_238' title='bbox 216 4665 306 4720; x_wconf 77' lang='lat' dir='ltr'>Vero.</span> <span class='ocrx_word' id='word_1_239' title='bbox 319 4667 382 4721; x_wconf 73' lang='lat' dir='ltr'>Aea</span> <span class='ocrx_word' id='word_1_240' title='bbox 396 4667 430 4734; x_wconf 91' lang='lat' dir='ltr'>ll,</span> <span class='ocrx_word' id='word_1_241' title='bbox 447 4682 505 4737; x_wconf 83' lang='lat'>372.</span> <span class='ocrx_word' id='word_1_242' title='bbox 756 4682 815 4739; x_wconf 91' lang='lat'>219.</span> <span class='ocrx_word' id='word_1_243' title='bbox 829 4666 872 4722; x_wconf 82' lang='lat' dir='ltr'>cf.</span> <span class='ocrx_word' id='word_1_244' title='bbox 886 4667 975 4720; x_wconf 78' lang='lat' dir='ltr'>Vsus.</span> <span class='ocrx_word' id='word_1_245' title='bbox 988 4669 1051 4721; x_wconf 78' lang='lat' dir='ltr'>Aen.</span> <span class='ocrx_word' id='word_1_246' title='bbox 1064 4667 1084 4736; x_wconf 84' lang='lat' dir='ltr'>l,</span> <span class='ocrx_word' id='word_1_247' title='bbox 1100 4682 1111 4733; x_wconf 83' lang='lat'>5</span> <span class='ocrx_word' id='word_1_248' title='bbox 1117 4682 1158 4736; x_wconf 84' lang='lat'>55,</span> <span class='ocrx_word' id='word_1_249' title='bbox 1171 4663 1218 4736; x_wconf 86' lang='lat'>111,</span> <span class='ocrx_word' id='word_1_250' title='bbox 1232 4682 1293 4736; x_wconf 89' lang='lat'>710.</span> 
     </span>
     <span class='ocr_line' id='line_1_37' title="bbox 144 4748 1138 4821; baseline 0.001 -18"><span class='ocrx_word' id='word_1_251' title='bbox 144 4750 203 4804; x_wconf 89' lang='lat'><strong>208.</strong></span> <span class='ocrx_word' id='word_1_252' title='bbox 217 4748 260 4805; x_wconf 83' lang='lat' dir='ltr'>Cf.</span> <span class='ocrx_word' id='word_1_253' title='bbox 273 4751 363 4806; x_wconf 77' lang='lat' dir='ltr'>Vetto.</span> <span class='ocrx_word' id='word_1_254' title='bbox 376 4753 440 4806; x_wconf 80' lang='lat' dir='ltr'>Aea.</span> <span class='ocrx_word' id='word_1_255' title='bbox 456 4753 477 4821; x_wconf 84' lang='lat'>1,</span> <span class='ocrx_word' id='word_1_256' title='bbox 492 4767 550 4821; x_wconf 87' lang='lat'>530,</span> <span class='ocrx_word' id='word_1_257' title='bbox 563 4752 610 4818; x_wconf 93' lang='grc' dir='ltr'>ΙΙΙ,</span> <span class='ocrx_word' id='word_1_258' title='bbox 628 4750 685 4819; x_wconf 83' lang='lat'>163.</span> <span class='ocrx_word' id='word_1_259' title='bbox 756 4768 815 4818; x_wconf 85' lang='lat'>225.</span> <span class='ocrx_word' id='word_1_260' title='bbox 833 4752 920 4807; x_wconf 79' lang='lat' dir='ltr'>Ovio.</span> <span class='ocrx_word' id='word_1_261' title='bbox 935 4752 1001 4806; x_wconf 81' lang='lat' dir='ltr'>Fast.</span> <span class='ocrx_word' id='word_1_262' title='bbox 1018 4748 1064 4816; x_wconf 92' lang='grc' dir='ltr'>ΙΙΙ,</span> <span class='ocrx_word' id='word_1_263' title='bbox 1080 4766 1138 4820; x_wconf 80' lang='lat'>147·</span> 
     </span>
    </p>
   </div>
   <div class='ocr_carea' id='block_1_6' title="bbox 0 0 1722 5754">
    <p class='ocr_par' dir='ltr' id='par_1_9' title="bbox 0 0 1722 5754">
     <span class='ocr_line' id='line_1_38' title="bbox 0 0 1722 5754; baseline 0 0"><span class='ocrx_word' id='word_1_264' title='bbox 0 0 1722 5754; x_wconf 95' lang='lat' dir='ltr'> </span> 
     </span>
    </p>
   </div>
  </div>
 </body>
</html>
