3300 5796
455 480 581 538 GESTA
608 482 647 536 DI
675 481 863 538 FEDERICO
894 483 912 535 l.

224 731 323 799 «Nos
343 747 462 812 autem,
481 752 594 817 pacem
612 731 724 819 pocius
743 751 841 818 quam
861 728 941 796 bella
960 746 1142 811 mouentes,

224 871 239 907 α
252 845 335 933 Sepe
353 844 547 933 rogabamus
565 845 671 933 prauis
691 842 842 912 desistere
861 845 960 933 ceptis

224 988 239 1024 n
252 960 435 1050 Probraque
454 983 495 1028 ne
513 959 636 1050 populo
654 958 794 1028 facerent
812 979 878 1028 tam
897 962 999 1049 turpia
1018 980 1141 1030 nostro.

224 1079 338 1147 «Nam
357 1079 384 1144 si
404 1078 605 1145 cumensem
622 1095 747 1144 nostras
766 1095 923 1143 mercator
943 1075 983 1144 ad
1001 1076 1126 1159 urbem,

223 1219 239 1255 <c
249 1194 295 1259 Vt
313 1191 349 1260 fit
367 1191 510 1260 lucrandi
528 1190 647 1273 studi0,
666 1215 742 1259 cum
761 1190 920 1259 mercibus
937 1189 1013 1273 ibat,

224 1333 239 1370 c<
252 1307 335 1398 Sepe
354 1306 491 1376 domum
509 1305 614 1375 nudus
633 1308 703 1374 sine
721 1329 755 1374 re
774 1305 946 1396 spoliisque
965 1304 1094 1374 redibat.

223 1424 335 1490 «Etsi
353 1422 528 1512 temptabat
546 1424 681 1490 mercari
699 1421 854 1511 quidquid
872 1422 1009 1505 amabat,

224 1564 239 1600 n
252 1537 463 1606 Interdicebat
482 1538 586 1628 quiuis
605 1539 657 1605 cni
676 1535 759 1606 forte
778 1537 931 1627 placebat.

223 1679 239 1716 «
251 1655 316 1721 Ista
334 1652 464 1741 quidem
483 1653 615 1735 multos,
634 1654 685 1742 pie
702 1676 770 1736 rex,
788 1652 1006 1722 tollerauimus
1025 1677 1128 1722 annos

225 1771 291 1837 «Et
310 1772 458 1859 grauiora
475 1771 567 1853 satis;
587 1767 718 1838 tandem
737 1768 845 1837 diuina
863 1788 1002 1858 potestas

223 1885 327 1953 «Illos
347 1885 473 1974 deyecit
491 1887 606 1954 merito
625 1885 782 1974 nobisque
801 1883 938 1973 subegit.

223 2027 238 2064 n
249 2002 321 2070 Nos
340 2019 449 2068 tamen
469 2019 504 2068 ut
523 2002 608 2068 ciues
628 2000 827 2067 seruauimus
847 1998 999 2068 hactenus
1019 2022 1146 2082 omnes,

223 2144 239 2180 u
249 2119 320 2186 Nec
341 2115 466 2185 dicione
485 2119 576 2204 graui
594 2118 697 2185 uictos
716 2115 929 2206 depressimus
948 2139 1122 2205 umquam;

222 2234 306 2300 «Set
324 2251 424 2300 turres
443 2255 587 2321 reparare
605 2255 708 2301 nouas
727 2231 932 2320 prohibemus
952 2250 984 2299 et
1001 2230 1130 2300 urbem:

223 2349 337 2417 «Nam
356 2349 487 2430 scimus,
505 2350 556 2438 pie
574 2372 641 2432 rex,
660 2349 687 2415 si
706 2350 812 2416 menia
830 2350 933 2437 prima
949 2347 1057 2416 liceret

222 2462 411 2545 «Condere,
430 2487 509 2530 mox
528 2463 621 2532 nobis
640 2462 797 2532 discordia
814 2464 917 2553 prima
935 2461 1061 2531 rediret.

222 2578 399 2667 «Denique
417 2601 478 2646 nos
496 2580 591 2668 primi
611 2602 791 2668 numquam
810 2579 1009 2667 suscepimus
1027 2601 1125 2660 arma,

221 2718 237 2754 (ι
249 2694 417 2761 Mouimus
435 2713 490 2762 aut
509 2693 629 2762 bellum
647 2695 753 2784 primi,
771 2718 830 2763 nec
849 2717 943 2762 causa
962 2694 1121 2762 malorum

220 2806 432 2876 «Tantorum
451 2806 570 2876 fuimns
587 2811 750 2897 cupientes
766 2808 873 2878 federa
890 2811 985 2898 pacis.

220 2921 390 3004 «Nullam,
411 2921 503 2991 crede
523 2922 630 3006 michi,
650 2924 712 2993 nisi
729 2924 797 3007 lesi,
815 2924 946 3002 lesimus
964 2922 1076 2992 urbem

142 3079 147 3090 ·
219 3037 318 3105 «Nec
336 3038 406 3104 sine
425 3036 544 3106 difficili
562 3060 658 3106 causa
677 3039 867 3108 uexauimus
886 3038 999 3107 ullum.

220 3178 235 3214 u
248 3152 321 3219 Lesi
341 3153 522 3221 Cumenses
540 3154 762 3242 superauimus
780 3172 813 3222 et
832 3153 1028 3236 laudenses,

220 3293 236 3329 (ι
248 3268 321 3334 Lesi
338 3269 518 3337 Nouariam
537 3269 726 3338 uexauimus
745 3287 840 3358 atque
858 3270 1001 3358 Papiam.

219 3380 351 3461 «Quod
369 3401 412 3465 te,
429 3406 486 3472 per
503 3385 595 3472 regni
615 3383 722 3467 decus,
742 3383 956 3453 excelsissime
975 3407 1101 3473 regum,

219 3496 393 3565 «Oramus
412 3500 501 3587 genti
519 3500 562 3566 sis
581 3497 687 3568 fautor
705 3499 899 3582 Mediolani3

219 3611 298 3679 «Sis
317 3612 410 3680 nobis
428 3612 570 3702 placidus
589 3633 702 3697 rector,
722 3616 776 3696 sis,
794 3637 905 3704 queso,
926 3613 1085 3704 benignus

218 3728 291 3794 «Vt
308 3750 400 3817 reges
418 3728 480 3811 alii,
498 3730 554 3817 qni
572 3752 762 3817 precessere,
781 3729 920 3799 fuerunt.

218 3843 373 3931 «Nempe
391 3867 503 3912 sumus
521 3865 579 3933 pro
598 3868 692 3934 posse
711 3845 766 3913 tibi
785 3846 903 3914 seruire
922 3848 1072 3935 parati».

213 3959 344 4026 Dixerat
362 3983 399 4026 ac
417 3960 507 4029 uultu
526 3959 666 4051 placidus
685 3985 741 4030 rex
759 3961 832 4030 talia
849 3961 973 4030 reddit:

84 4092 145 4158 170
218 4075 350 4142 «Menti
368 4076 465 4164 regali
484 4077 589 4165 grauis
608 4096 656 4145 est
675 4077 829 4146 discordia
847 4079 956 4167 regni:

216 4189 278 4256 «Si
298 4213 422 4257 seruare
442 4190 517 4258 uelit
536 4215 648 4280 pacem
663 4215 744 4281 gens
763 4211 867 4261 uestra
885 4191 1048 4281 fidemque

135 4395 179 4450 ¹⁴3·
195 4395 251 4440 Cod.
265 4397 393 4456 Probtaque
450 4397 499 4456 164.
513 4399 555 4444 Per
569 4398 644 4458 regni]
660 4399 715 4445 cod.
731 4400 800 4461 pegni

82 4615 139 4666 141.
151 4599 241 4655 Vens.
254 4601 320 4654 Aen.
332 4600 380 4666 Vl,
391 4600 453 4655 820.
693 4618 751 4672 153.
764 4600 808 4658 ef.
817 4602 906 4657 Vane.
923 4604 988 4657 Am.
997 4602 1059 4668 Vll,
1069 4617 1128 4672 737,
1141 4601 1176 4668 Χ,
1190 4617 1266 4672 53-4.

82 4700 139 4751 142.
153 4681 197 4739 Cf.
208 4684 298 4739 Vrno.
307 4686 372 4739 Am.
384 4685 406 4751 1,
422 4700 467 4754 373
486 4684 572 4740 Srsr.
588 4685 663 4741 Thai.
693 4685 750 4752 164.
762 4686 853 4743 Vane.
865 4687 930 4741 Am.
941 4685 976 4752 11,
991 4701 1049 4752 141.

114 4769 162 4834 IV,
176 4784 237 4840 493.
693 4766 1241 4841 &permanando530,xt,251.
