3300 5796
588 467 712 523 GESTA
740 466 779 521 Dl
806 465 996 521 FEDBRICO
1025 466 1046 519 l.

351 718 488 799 Ducere,
506 735 669 806 portantes
688 716 746 784 sibi
767 715 878 784 tradita
898 717 1007 804 preuia
1025 715 1127 803 signa,

350 833 467 921 Nequa
484 832 559 899 mali
577 854 653 900 seue
673 851 768 921 queat
787 855 857 900 esse
876 831 1002 899 occasio
1022 831 1120 919 genti.

351 949 436 1036 Ergo
454 969 592 1038 sequens
610 970 779 1037 procerum
798 947 912 1015 ductor
930 945 1075 1014 consulta
1094 944 1263 1034 benignus,

351 1061 465 1131 Tradit
482 1063 574 1152 signa
593 1085 666 1131 suas
684 1062 744 1130 illis
762 1061 918 1152 portanda
936 1084 993 1150 per
1011 1059 1115 1143 horas,

350 1178 395 1243 Vt
413 1195 594 1245 monstrent
612 1176 712 1246 turbis
730 1178 838 1244 iteret
856 1175 928 1243 loca
946 1197 1088 1263 congrua
1108 1174 1216 1241 castris

351 1294 514 1384 Spemque
533 1295 583 1363 sui
599 1293 723 1382 placido
741 1293 832 1362 uultu
851 1293 1007 1381 promittit
1026 1292 1156 1359 amoris.

350 1410 448 1478 Tunc
462 1408 518 1492 illi,
535 1401 669 1499 propriis
688 1409 850 1499 cupientes
865 1430 992 1496 parcere
1011 1405 1105 1488 uillis,

350 1525 482 1593 Ducunt
500 1524 622 1613 regales
640 1524 711 1591 loca
725 1545 782 1613 per
797 1523 920 1590 deserta
936 1520 1122 1611 phalanges,

350 1640 459 1708 Preter
477 1662 573 1728 aquas
592 1639 647 1708 ubi
666 1638 710 1706 nil
728 1656 876 1728 poterant
894 1639 1039 1726 reperire,
1059 1637 1211 1726 cibusque

348 1755 482 1823 Prorsus
501 1777 658 1844 equorum
678 1753 794 1836 aberat,
814 1777 873 1822 nec
892 1752 1020 1821 emendi
1040 1755 1131 1842 copia
1150 1753 1248 1821 turbis

349 1872 442 1939 More
460 1870 552 1939 datur
570 1869 676 1938 solito.
723 1893 789 1959 quo
807 1870 956 1961 principis
975 1870 1031 1952 ira,
1049 1868 1159 1937 dolore

351 1987 526 2075 Exagitata,
545 1986 614 2074 capi
632 1986 690 2053 tria
709 1986 799 2052 iussit
817 1983 993 2053 Mediolani

349 2101 429 2169 Mox
448 2100 574 2168 castella
592 2099 755 2189 opulenta,
773 2101 891 2169 Rosate
910 2100 1030 2167 Trecas
1050 2098 1192 2182 calcate,

350 2216 436 2299 Que‚
455 2217 520 2284 cito
537 2235 637 2306 capta,
655 2239 787 2305 grauem
806 2215 939 2305 spoliata
957 2214 1072 2284 dedere
1090 2220 1225 2284 ruinam.

351 2332 456 2400 Diruit
475 2350 506 2399 et
523 2349 657 2422 pontem
676 2354 731 2420 per
750 2354 846 2421 quem
866 2332 998 2399 transire
1017 2331 1172 2399 Ticinum

350 2446 618 2531 Mediolanenses,
637 2446 773 2537 populos
792 2469 907 2514 uexare
931 2445 1077 2514 uolentes

348 2564 381 2631 is
383 2586 456 2630 rans
474 2561 596 2633 flumen
615 2564 747 2651 positos,
768 2564 880 2630 armati
898 2586 974 2651 sepe
991 2561 1148 2630 solebant

349 2680 397 2747 Ex
415 2701 479 2767 qua
495 2701 529 2746 re
548 2677 687 2766 grauiter
704 2677 820 2746 turbati
840 2676 1014 2746 Mediolani

350 2794 459 2877 Ciues,
479 2793 689 2882 magnanimo
708 2816 804 2882 praue
823 2792 863 2861 de
881 2817 957 2882 rege
976 2792 1129 2882 loquutur

350 2912 389 2979 Et
407 2912 538 2999 cupiunt
559 2908 662 2998 aliqua
681 2911 707 2975 si
725 2910 849 2997 possint
868 2928 955 2999 parte
974 2932 1100 2977 nocere.

348 3025 414 3095 Sed
430 3027 496 3092 iam
514 3026 678 3093 transierat
697 3023 812 3113 regalis
831 3024 922 3093 turba
942 3024 1095 3093 Ticinum

349 3143 481 3230 Rexque
499 3139 596 3208 simul
614 3139 760 3218 fluuium,
781 3140 834 3228 qui
854 3138 934 3207 fines
954 3139 1070 3208 claudit
1089 3162 1214 3223 eorum,

348 3254 536 3324 Accelerans
555 3254 630 3321 alias
650 3256 808 3343 Ligurum
828 3277 905 3321 mox
925 3255 1027 3322 uisere
1047 3272 1170 3343 gentes.

414 3371 511 3439 Tunc
529 3371 713 3437 inimicicias
733 3370 887 3438 Terdona
905 3371 1065 3460 Papiaque
1085 3370 1222 3460 grandes

348 3488 436 3554 inter
453 3509 488 3554 se
506 3487 622 3575 pariter
640 3485 753 3554 furiata
772 3504 881 3553 mente
901 3485 1055 3574 gerebant

347 3600 577 3691 Auxiliumque
596 3602 691 3670 dabat
709 3601 863 3670 Terdone
883 3600 1116 3670 Mediolanum.

268 3847 318 3894 268.
334 3847 391 3893 (ἶσα.
405 3848 488 3893 Prosus
542 3847 826 3906 274.Cod.Mediolanses
880 3848 936 3895 280.
951 3847 1110 3896 Codclaudat
1165 3848 1284 3895 aureos.
1298 3851 1413 3895 Accerans

214 3927 264 3983 ²⁸⁴·
279 3925 425 3973 Cod.Terdo

214 4154 322 4225 265·75.
333 4154 377 4212 Cf.
388 4157 465 4228 Epist.
473 4155 493 4208 F
496 4171 552 4210 um.
562 4156 621 4210 lun.
638 4172 668 4223 23
683 4156 798 4211 Orrou.
862 4171 930 4209 rou.
941 4156 1015 4211 Gesta
1024 4155 1096 4210 Frid.
1107 4156 1163 4227 II,§
1178 4157 1217 4225 18,
1228 4155 1272 4210 eil
1283 4157 1340 4210 Lib.
1349 4159 1411 4212 trist

253 4240 326 4296 Gesta
345 4241 416 4296 Frid.
435 4239 469 4307 ΙΙ,
489 4241 520 4311 §§
540 4257 570 4311 17
586 4259 601 4296 e
619 4242 664 4307 18;
685 4242 721 4297 O.
737 4242 799 4294 Mo·
861 4249 884 4296 ct
896 4241 942 4294 dol.
959 4238 1043 4309 360⁴¹,
1059 4241 1066 4293 i
1082 4242 1157 4312 ponti
1172 4238 1272 4295 lurono
1287 4242 1348 4297 due.

251 4339 334 4390 nsua,
346 4325 386 4378 Dc
398 4326 449 4378 reb.
462 4323 544 4378 Laud.
560 4325 650 4395 5913²3
664 4324 721 4379 Lib.
737 4326 799 4378 trist.
829 4340 887 4396 277.
908 4325 944 4380 O.
964 4326 1103 4379 Morsus:
1124 4346 1139 4376 u
1151 4325 1413 4382 Mediolanenses...

250 4415 272 4462 cl
286 4408 335 4462 dol.
350 4408 365 4479 ς
381 4425 404 4462 1.
863 4430 878 4458 «
889 4408 985 4462 deinde
1009 4410 1103 4462 omnia
1124 4425 1296 4481 quecumque
1318 4422 1413 4481 potue-

216 4508 276 4562 272.
288 4493 378 4548 Vetto.
394 4493 457 4548 Aen.
471 4493 505 4560 ll,
520 4509 578 4561 310.
864 4514 879 4543 α
889 4506 951 4547 runt
960 4492 1033 4546 mala
1043 4494 1076 4547 de
1086 4510 1159 4563 rege,
1170 4506 1263 4564 utpote
1276 4494 1365 4560 hoste,
1375 4496 1414 4549 di-

215 4591 275 4645 273.
289 4576 385 4630 Anche
402 4575 439 4631 Ο.
452 4575 587 4641 Morsus,
599 4576 640 4629 Da
653 4577 704 4630 reb.
718 4575 799 4630 Laud.
864 4599 878 4628 α
890 4594 951 4632 cere
970 4579 1062 4632 conati
1078 4590 1142 4632 sunt
1152 4598 1177 4632 s.
1198 4580 1239 4633 Dc
1258 4580 1309 4634 nb.
1332 4579 1413 4635 Laud.

251 4658 324 4730 593⁷,
335 4659 410 4731 parla
422 4661 448 4714 di
462 4677 499 4714 un
512 4673 595 4731 ponte
605 4659 682 4725 solo;
695 4661 800 4727 insece,
864 4659 948 4731 593²3·

250 4745 372 4800 secondo
381 4744 408 4799 la
417 4745 530 4818 Epistola
542 4745 619 4799 Fam.
632 4745 692 4800 lue.
702 4760 727 4812 2,
740 4744 799 4800 Or·
829 4746 887 4815 283.
900 4745 990 4799 Vero.
1003 4747 1067 4800 Aen.
1085 4745 1119 4812 ΙΙ,
1134 4761 1195 4817 407,
1213 4747 1271 4813 588.
