3300 5796
599 462 724 520 GEsTn
742 463 781 517 DI
800 461 989 517 FEDERICO
1010 463 1030 516 Ι.

353 713 528 802 Opurtuna
546 711 615 794 sibi,
634 729 769 801 pontem
787 710 942 778 subuertit
960 729 991 778 et
1009 709 1122 778 urbem

353 827 535 896 Obsidione
554 826 645 915 graui
662 849 748 894 nunc
767 826 894 894 uincere
913 825 1008 914 gestit
1026 825 1173 906 amicam,

353 943 415 1013 Cui
435 942 516 1011 solet
534 942 688 1011 auxilium
706 965 833 1030 semper
850 940 923 1009 dare
944 939 1182 1023 Mediolanum3

352 1059 517 1128 Conuenit
534 1059 568 1126 in
587 1077 694 1126 cetum
714 1076 919 1146 ueteremque
938 1056 1082 1123 hortatur
1102 1055 1260 1123 honorem

354 1175 397 1242 Se
417 1174 531 1264 pariter
549 1173 640 1242 dictis
659 1171 842 1241 discendere
862 1193 954 1239 more
972 1189 1119 1261 paterno,

351 1288 610 1378 Consulibusque
628 1289 693 1355 suis
712 1289 766 1377 qui
781 1288 869 1376 regia
888 1288 972 1354 iussa
991 1305 1100 1354 tenere

352 1406 501 1473 iurauere
519 1406 616 1495 prius,
635 1425 714 1471 mox
733 1401 835 1471 aufert
853 1401 981 1470 culmen
1000 1400 1142 1483 honoris,

352 1520 537 1610 Tamquam
557 1520 597 1588 sit
615 1520 736 1586 crimen
757 1517 892 1586 domino
910 1540 1018 1607 parere
1038 1517 1190 1606 benigno,

351 1635 529 1725 Electisque
549 1634 615 1702 aliis
635 1635 690 1723 qui
708 1635 795 1722 regia
813 1656 960 1722 spernere
979 1635 1065 1701 iussa

351 1751 430 1819 Non
448 1751 574 1831 timent,
592 1749 652 1818 illis
670 1771 705 1816 se
724 1748 831 1817 subdit
848 1749 906 1816 rite
924 1746 1110 1837 regendam.

352 1865 505 1946 Quorum
525 1865 659 1933 consilio
679 1863 867 1932 Terdonam
887 1866 1012 1932 mittere
1032 1864 1122 1932 binas

350 1981 480 2049 Auxilio
498 1998 668 2069 properant
687 1981 831 2068 equitum
849 1978 1057 2068 peditumque
1076 1979 1235 2061 cohortes,

351 2096 428 2177 Que
448 2114 557 2164 contra
576 2119 687 2185 regem
706 2115 838 2184 gentem
857 2113 1006 2163 tueantur
1025 2096 1172 2162 amicam.

351 2210 384 2281 O
404 2235 502 2301 quam
521 2212 647 2280 uenturi
666 2233 733 2278 non
754 2233 933 2299 numquam
948 2211 1055 2278 nescia
1074 2210 1130 2277 fati

351 2329 446 2395 Mens
465 2325 656 2394 hominum!
681 2345 900 2415 quantumque
919 2327 968 2394 sui
988 2325 1071 2393 male
1090 2325 1225 2415 prouida
1243 2328 1349 2393 casus!

311 2449 316 2457 ’
350 2442 448 2511 Electi
467 2460 673 2533 properanter
691 2460 777 2523 eunt,
798 2464 879 2530 quos
898 2441 1071 2509 subeuntes

351 2557 532 2647 Alloquitur
549 2558 656 2646 paucis
675 2555 806 2624 firmans
826 2557 868 2623 ita
887 2576 1014 2645 pectora
1034 2555 1145 2624 dictis:

280 2745 281 2748 Ἴ
354 2674 442 2755 «Ite,
462 2672 522 2740 uiri
540 2672 649 2753 fortes,
670 2691 701 2738 et
720 2694 853 2761 corpora
872 2671 979 2740 uiuida
997 2671 1092 2739 bello.

355 2816 371 2853 ι(
387 2790 434 2857 Ite
453 2789 517 2871 citi,
536 2789 688 2878 quoniam
709 2812 795 2857 nunc
814 2809 939 2878 tempus
958 2791 1059 2878 poscit
1078 2792 1186 2858 amicis

355 2904 548 2973 «Auxilium
567 2905 698 2972 solitum
717 2924 855 2993 prestare
873 2903 1007 2973 fideliter
1025 2923 1121 2995 atque

356 3018 492 3090 «Rebus
511 3021 545 3087 in
565 3018 704 3088 aduersis
724 3021 812 3087 sotiis
832 3043 1013 3088 succurrere
1032 3019 1132 3089 fessis.

354 3136 574 3223 «Numquam
593 3134 731 3203 deseruit
747 3158 827 3224 gens
846 3134 905 3202 hec
924 3137 1079 3225 promissa
1098 3135 1271 3226 fidemque,

354 3276 370 3313 ι(
383 3249 483 3318 Affuit
502 3269 533 3318 at
551 3273 677 3340 semper
692 3251 786 3318 sociis
805 3270 836 3318 et
854 3251 934 3318 iuuit
953 3251 1083 3318 amicos.

355 3365 505 3433 «Nititur
522 3384 559 3433 ut
576 3367 678 3454 capiat
698 3363 885 3432 Terdonam
905 3389 960 3433 rex
981 3366 1175 3448 Fredericus,

355 3481 539 3547 «Fortassis
559 3482 666 3569 precio
686 3500 795 3549 contra
815 3504 875 3548 nos
895 3481 969 3549 inde
988 3501 1125 3572 recepto.

353 3595 447 3664 «Sed
465 3598 491 3662 si
511 3597 701 3665 Terdonam
720 3598 768 3664 uis
787 3615 896 3665 nostra
915 3616 1022 3666 tuetur
1040 3600 1187 3682 amicam,

269 3802 320 3864 313.
330 3803 398 3850 Corr.
407 3805 541 3861 Opportuna
592 3818 645 3865 3¹7·
654 3805 796 3865 discendere]
804 3819 865 3854 corr.
874 3805 990 3851 discedere
998 3817 1082 3854 ovnrto
1089 3806 1249 3853 descendere?
1293 3805 1342 3852 321.
1354 3807 1411 3853 Cod.

213 3884 348 3944 Electisque
402 3885 453 3942 ³²4-
465 3886 521 3932 Cod.
533 3886 702 3951 pedroitumque
712 3887 818 3932 choerces
874 3889 926 3947 328.
937 3888 993 3934 Cod.
1004 3888 1094 3943 Ellecti3
1109 3889 1127 3933 it
1141 3901 1199 3945 quos
1211 3891 1255 3934 che
1269 3901 1350 3948 segue,
1364 3901 1411 3935 non

212 3968 324 4013 convt‘m
337 3966 367 4012 ne*
379 3968 486 4012 atreum
501 3968 530 4012 ne'
543 3970 569 4012 al
582 3973 653 4013 meno
661 3984 670 4026 ;
687 3969 761 4027 soree
782 3972 861 4015 iuvere
875 3971 903 4014 dt'
915 3983 974 4027 quos
987 3970 1011 4015 la
1025 3982 1081 4016 vera
1095 3971 1183 4028 lerione
1193 3971 1230 4030 fu
1245 3973 1333 4026 consul,
1346 3984 1411 4017 conte

213 4049 249 4092 ni
261 4048 394 4106 ruggerim
409 4048 428 4092 1¹1
441 4048 597 4096 Gt'eeebreclrt.
660 4049 710 4110 329.
726 4049 782 4095 Cod.
797 4050 859 4108 pacis
925 4049 972 4094 331.
988 4050 1045 4096 Cod.
1061 4050 1131 4107 possit
1199 4050 1248 4108 337.
1264 4057 1343 4095 contra
1358 4051 1411 4108 nos]

213 4126 271 4171 Cod.
280 4134 368 4186 ,contra
382 4135 449 4182 totos,
462 4129 501 4185 cs.
516 4128 536 4174 tt
553 4141 625 4186 passo
639 4130 713 4175 citato
727 4130 769 4174 dal
782 4129 830 4173 Leo.
847 4131 908 4175 trist.
924 4135 947 4173 ct
961 4131 1006 4176 dol.
1064 4130 1118 4189 338.
1134 4131 1224 4188 nostra]
1239 4143 1301 4175 corr.
1317 4130 1413 4174 uestra?

212 4205 246 4262 cs-
263 4219 320 4266 340·

215 4406 305 4479 3267.
317 4410 407 4465 vrrs.
420 4412 483 4465 Aen.
496 4411 530 4478 X,
548 4428 605 4480 501.
864 4413 1026 4482 «destruxit,
1054 4415 1194 4485 quoniam,
1218 4415 1348 4486 peccunia
1369 4431 1412 4468 ac·

216 4508 274 4563 330.
288 4492 331 4550 cf.
344 4494 433 4549 Vuno.
446 4496 510 4549 Aen.
523 4496 558 4562 V,
572 4511 631 4565 754.
802 4560 813 4574 “
863 4511 966 4569 «cepta
982 4515 997 4551 a
1011 4498 1188 4569 Papiensibus
1204 4512 1232 4552 ut
1246 4499 1271 4552 id
1285 4499 1307 4552 si
1323 4496 1412 4552 facere

216 4592 274 4647 333.
287 4575 331 4632 ef.
345 4577 433 4632 Vuno.
446 4580 510 4633 Aen.
523 4579 571 4646 XI,
585 4597 597 4650 3
603 4596 644 4651 35.
864 4595 980 4653 «posset
996 4583 1029 4635 ad
1043 4581 1170 4637 effectum
1185 4584 1353 4655 perduceret,
1366 4600 1413 4654 pa-

215 4677 273 4732 334
288 4662 350 4717 Tur.
363 4661 449 4718 Carm.
463 4664 511 4730 IV,
527 4680 550 4734 3,
563 4680 587 4719 2.
865 4679 934 4721 «cto
960 4668 1101 4722 tenebatur
1118 4687 1141 4721 n.
1161 4668 1218 4722 Lib.
1241 4669 1303 4722 tritt.
1323 4675 1345 4722 ct
1364 4667 1413 4722 dol.

214 4762 297 4817 337.«
308 4747 799 4822 Rervero....eamadfondumusque
864 4753 878 4822 §
901 4769 922 4805 1.
