3300 5796
802 523 1056 579 ANONIMO

468 770 614 852 Perdere,
632 794 728 859 quam
747 770 878 839 tandem
897 770 1025 838 dederat
1045 772 1187 838 Fortuna
1206 772 1359 840 secunda.

468 887 511 951 At
529 886 584 974 qui
602 885 769 953 seruabant
788 887 909 975 equites
928 885 1112 975 peditesque
1131 886 1317 968 Paluscum,

469 1002 632 1067 Hactenus
651 999 772 1068 infestis
790 1002 884 1068 tutari
902 1001 1024 1068 fortiter
1045 1003 1140 1068 armis

469 1113 624 1180 Hostibus
643 1132 674 1180 et
693 1113 773 1180 duro
793 1113 966 1182 luctamine
984 1138 1059 1202 sepe
1078 1115 1221 1204 repulsis,
1451 1138 1525 1184 1210

468 1230 513 1295 Vt
532 1230 629 1296 sotias
649 1229 756 1297 uidere
775 1231 856 1296 acies
876 1229 1044 1297 abscedere
1064 1253 1178 1318 campo

470 1345 697 1434 Auxiliumque
716 1344 792 1412 foris
811 1345 897 1414 nulla
915 1345 975 1413 sibi
995 1364 1082 1435 parte
1101 1346 1256 1427 futurum,

470 1460 672 1544 Turbantur3
698 1463 760 1527 iam
780 1463 896 1551 quippe
915 1461 1025 1530 uident
1043 1484 1111 1528 non
1130 1485 1224 1551 posse
1242 1463 1345 1529 teneri

470 1576 588 1657 Menia,
608 1599 669 1664 que
689 1574 818 1642 modico
837 1572 961 1643 fuerant
981 1574 1174 1643 circumdata
1192 1575 1288 1656 uallo,

469 1691 507 1755 ln
526 1689 641 1778 quibus
658 1714 699 1757 ex
719 1690 809 1756 omni
829 1690 1005 1758 uolitabant
1023 1710 1110 1779 parte
1129 1691 1243 1779 sagitte
1450 1711 1524 1775 ¹215

469 1807 508 1873 Et
527 1782 646 1894 lapides
665 1805 774 1888 funde,
794 1808 949 1896 corruptis
969 1805 1111 1895 undique
1129 1808 1240 1874 muris.

470 1923 567 2009 Ergo,
585 1921 648 1989 fide
668 1940 805 2011 accepta,
824 1922 901 1990 dant
919 1946 953 1990 se
973 1941 1174 2011 castrumque
1194 1921 1340 1990 dolentes

471 2037 625 2105 Hostibus
644 2057 676 2105 et
694 2058 793 2105 turres
813 2037 896 2105 male
916 2057 1000 2106 tutas
1017 2057 1132 2126 sponte
1150 2039 1343 2127 relinquunt.

381 2163 387 2175 ‘
470 2154 559 2221 Gens
580 2173 686 2221 autem
706 2156 817 2221 uictrix
836 2155 979 2222 recolens
998 2179 1032 2222 se
1051 2174 1195 2245 tempore
1215 2157 1333 2222 uictam

471 2271 635 2351 Preterit0‚
654 2271 809 2358 castrique
830 2273 907 2339 noui
926 2294 1052 2337 memor
1072 2272 1137 2360 ipsa
1157 2272 1256 2351 ruine,
1451 2290 1530 2336 1220

471 2385 577 2451 Diruit
596 2383 657 2451 hoc
677 2403 826 2467 castrum,
845 2404 987 2453 ueterem
1007 2384 1136 2452 tandem
1156 2385 1220 2453 ulta
1239 2384 1404 2467 dolorem3

471 2498 551 2565 Inde
570 2498 704 2566 domum
724 2499 864 2588 repedat,
883 2500 1003 2568 ducens
1022 2500 1123 2588 longo
1145 2499 1256 2567 ordine
1276 2518 1396 2588 captos.

473 2617 604 2683 Postera
623 2639 760 2703 cumque
780 2615 856 2703 polo
874 2615 978 2683 stellas
998 2639 1109 2684 aurora
1128 2616 1268 2703 fugasset

473 2732 636 2800 Conuenit
654 2733 686 2798 in
706 2750 812 2799 cetum
832 2730 968 2820 populus
987 2731 1158 2799 letissimus
1178 2733 1295 2813 omnis,

472 2849 575 2914 Brixia
594 2865 660 2914 tota
679 2848 752 2929 coit,
773 2847 867 2914 solito
886 2845 922 2914 lit
941 2847 1054 2913 concio
1075 2848 1184 2913 maior.
1449 2865 1530 2930 1225

473 2964 562 3031 Tum
582 2962 704 3044 consul,
724 2962 833 3051 lingua
851 2963 965 3029 melior
983 2985 1081 3051 quam
1100 2981 1218 3043 mente,
1239 2960 1399 3029 Gerardus

473 3081 510 3147 In
531 3079 638 3146 medio
659 3102 802 3167 surgens,
822 3097 895 3167 post
914 3078 995 3146 facta
1014 3077 1147 3160 silentia,
1167 3076 1265 3145 turbis

473 3197 618 3263 Extemis
636 3213 741 3282 grates
759 3194 862 3263 reddit
880 3217 937 3282 pro
957 3213 1102 3281 tempore
1120 3193 1234 3274 multo,

472 3311 602 3378 Auxilio
621 3334 758 3399 quorum
777 3310 877 3378 fuerat
897 3310 996 3377 modo
1015 3310 1119 3377 Brixia
1138 3309 1260 3388 victrix,

474 3424 665 3513 Extollitque
686 3448 762 3493 suos
783 3425 912 3492 laudans
932 3425 971 3492 ad
991 3424 1092 3491 sidera
1110 3425 1205 3505 ciueS,
1449 3442 1533 3508 1230

475 3542 545 3607 Hos
564 3563 748 3608 memorans
767 3541 875 3608 hostes
895 3540 978 3608 bello
997 3539 1159 3607 domuisse
1178 3536 1331 3627 superbos

475 3655 622 3723 Dedecus
642 3657 809 3744 antiquum
828 3657 932 3745 patriis
953 3654 1119 3723 uirtutibus
1140 3653 1232 3721 ultos.

391 3898 451 3943 ¹2¹7·
467 3886 523 3931 Cod.
538 3886 592 3931 fides
650 3888 713 3930 1228.
729 3885 786 3930 Cod.
803 3878 873 3930 multi

374 4084 480 4138 «quam
504 4067 657 4121 habuerunt
681 4068 830 4121 Brixientes
859 4085 921 4121 cum
954 4068 1056 4136 1217-8.
1073 4066 1115 4120 CI.
1131 4064 1220 4119 Vetto.
1237 4066 1301 4118 Aen.
1317 4062 1351 4128 X,
1366 4060 1427 4128 604.

373 4174 387 4203 «
399 4153 773 4223 Perganrensibus,t¹enerunt
782 4153 815 4206 ad
825 4170 920 4224 pacem
953 4167 1025 4220 1223.
1042 4151 1131 4204 Vens.
1147 4152 1210 4204 Aen.
1227 4149 1259 4213 V,
1273 4162 1315 4215 42.

374 4258 388 4286 a
398 4249 424 4290 ct
439 4236 513 4290 illam
533 4236 654 4291 fecerunt
667 4237 735 4290 ultra
751 4237 867 4303 Moram,
882 4238 921 4290 in·
953 4235 1026 4290 1226.
1041 4234 1083 4289 Cs.
1097 4236 1186 4289 Vetto.
1198 4235 1261 4288 Aen.
1274 4232 1322 4297 XI,
1336 4246 1394 4302 337.

375 4342 388 4370 a
399 4333 439 4375 ter
453 4320 599 4390 'l'elgatum
613 4334 640 4374 et
650 4321 817 4386 Palazolum,
831 4334 857 4375 et
870 4339 921 4390 ego
953 4320 1027 4376 1226.
1043 4320 1182 4390 Gerardus]
1198 4319 1313 4373 Girardo
1329 4316 1363 4369 de
1376 4315 1497 4367 Bumato
1517 4331 1535 4367 o

373 4404 469 4459 «Illius
485 4407 543 4477 paci
559 4405 692 4460 interfui...
709 4421 733 4459 a.
771 4406 837 4459 Cosl
855 4406 924 4460 ilte·
986 4424 1003 4459 o
1029 4406 1054 4458 di
1079 4405 1207 4469 Bomate,
1227 4400 1323 4456 chesn
1344 4411 1463 4471 appunto
1492 4399 1535 4451 dei

372 4501 412 4543 ste
425 4491 550 4560 Jacoeus
564 4504 599 4543 ue
619 4488 683 4543 Iseo
698 4490 743 4543 nel
763 4490 922 4544 Protocollo
987 4487 1093 4544 consoli
1112 4488 1139 4542 di
1157 4488 1266 4540 Brescia
1286 4484 1331 4539 nel
1352 4481 1435 4551 1156;
1458 4498 1484 4534 v.
1507 4480 1534 4533 la

372 4572 442 4626 della
458 4591 540 4627 causa
563 4572 601 4626 Ira
623 4575 731 4628 Brescia
751 4591 765 4628 e
785 4575 922 4646 Bergamo
986 4575 1054 4627 serie
1074 4573 1100 4626 di
1119 4573 1180 4643 quei
1201 4569 1307 4625 consoli
1327 4565 1474 4638 compllata
1490 4564 1535 4618 dal

372 4674 452 4727 sopra
465 4657 594 4729 Volpino,
607 4658 762 4728 pubeIcato
776 4658 922 4713 dall‘Ono-
988 4658 1102 4710 Biemmi
1122 4674 1136 4710 e
1156 4655 1309 4726 pubblicata
1325 4652 1387 4706 dall’
1397 4652 1534 4714 Ouoncr,

372 4743 745 4808 a1c1,Storr'eBresciane,VI‚
762 4759 802 4812 75.
982 4743 1050 4796 Stor.
1067 4743 1146 4795 Bresc.
1163 4740 1196 4802 V,
1216 4754 1272 4809 134.

340 4840 444 4896 ηις-4.
460 4824 503 4880 ct.
519 4825 608 4880 Vetto.
624 4827 687 4880 Aen.
703 4826 763 4892 XII,
779 4824 874 4896 705-6.
953 4841 1025 4895 1232.
1042 4824 1085 4879 Cs.
1101 4824 1190 4878 Vetto.
1207 4824 1260 4878 ΕΛ.
1276 4822 1322 4887 IV,
1341 4836 1380 4891 17·
