3436 5754
744 385 995 442 ANONIMO

413 658 429 697 «
443 634 529 700 Hinc
548 632 603 701 tibi
622 633 689 702 laus
708 652 739 701 et
758 634 864 701 honor
879 635 1020 716 uenient,
1039 634 1112 701 hinc
1132 657 1249 724 magna
1268 655 1417 724 sequetur

414 749 564 830 «Gloria,
583 767 613 816 te
632 749 714 817 solio
733 752 875 818 Fortuna
890 750 1005 817 locabit
1021 752 1053 818 in
1073 750 1148 818 alto.

414 863 549 950 «Tutus
568 864 655 931 enim
673 863 820 953 populus,
840 865 867 930 si
887 865 1066 946 coniuretis,
1086 883 1230 955 uterque,

415 1006 431 1043 n
443 978 634 1067 Nulliusque
653 982 755 1046 minas
774 1003 833 1048 uos
853 979 1061 1047 formidabitis
1080 979 1170 1048 ultra.

414 1092 526 1174 «Quis
545 1095 665 1161 etenim
684 1094 810 1162 audebit
829 1118 888 1163 uos
908 1095 1011 1163 ledere
1031 1096 1252 1163 consociatos?
1378 1102 1464 1184 2765

414 1235 430 1272 a
444 1208 556 1288 Quem
574 1232 640 1276 non
659 1208 821 1278 terrebunt
839 1229 926 1277 tante
946 1213 1093 1299 preconia
1111 1208 1217 1278 lame?

415 1349 430 1386 a
444 1325 518 1391 Hoc
535 1322 618 1391 ferus
637 1324 744 1393 auditu
764 1343 846 1392 certe
866 1348 921 1393 rex
940 1327 1007 1414 ipse
1024 1326 1152 1414 pauebit

414 1464 430 1500 a
445 1440 484 1505 Et
503 1438 621 1507 bellum
640 1439 768 1508 ulterius
787 1439 879 1508 uobis
898 1440 1013 1508 inferre
1032 1439 1166 1508 cauebit.

414 1571 430 1616 l<
445 1552 545 1632 Quod
565 1556 590 1620 si
605 1554 686 1621 forte
705 1555 819 1622 iterum
840 1573 948 1622 contra
967 1578 1026 1623 uos
1045 1553 1126 1621 bella
1145 1555 1300 1638 mouebit,

413 1669 568 1736 «Viribus
589 1669 682 1737 elisus
702 1671 826 1751 uestris,
844 1671 995 1739 confusus
1013 1670 1108 1738 abibit
1120 1696 1150 1735 u.
1376 1692 1467 1758 2770

409 1785 468 1851 His
488 1784 561 1852 diue
580 1787 710 1853 monitis
728 1811 762 1853 se
781 1787 885 1854 Brixia
904 1785 1090 1854 Mediolano

409 1899 518 1987 lungit
537 1919 568 1967 et
586 1901 720 1989 imperio
739 1901 896 1969 Frederici
913 1899 1008 1968 stulta
1026 1899 1164 1968 rebellat.

411 2231 631 2421 Nasonis
650 2247 769 2313 interea
786 2246 872 2333 pacis
891 2245 1028 2335 fideique
1046 2245 1159 2329 solute,

520 2361 617 2427 Mittit
636 2359 675 2426 ab
696 2360 808 2428 Emilia
827 2360 1010 2429 Fredericus
1030 2361 1252 2430 Mediolanum

408 2474 558 2561 Legatos,
577 2476 632 2562 qui
650 2476 733 2542 iussa
752 2474 854 2542 ferant
873 2475 1092 2565 placidamque
1111 2475 1247 2544 salutem
1378 2497 1441 2564 277
1447 2457 1469 2564 ς’

409 2587 542 2655 Ciuibus
561 2607 593 2656 et
612 2606 777 2670 moueant,
797 2608 832 2657 ut
850 2590 934 2678 pacis
954 2589 1060 2657 federa
1079 2609 1218 2658 seruent.

409 2703 504 2784 Quos
525 2705 620 2774 simul
638 2704 764 2773 effrenis
783 2705 888 2773 media
907 2706 996 2774 uidet
1014 2706 1091 2774 urbe
1110 2708 1258 2775 iuuentus

408 2820 506 2887 Inuisi
526 2819 645 2909 populo
665 2823 832 2888 recitantes
852 2821 936 2888 iussa
956 2821 1081 2903 tiranni,

408 2933 578 3022 Indignata
597 2936 711 3018 fremit,
731 2935 924 3025 stimuloque
945 2937 1083 3024 agitante
1101 2934 1215 3003 luroris

408 3049 567 3117 Mandatis
586 3073 694 3138 parere
713 3068 820 3138 negat,
840 3050 1015 3140 gladiisque
1030 3053 1162 3138 receptis
1378 3052 1466 3137 2780

408 3163 514 3232 Currit
533 3183 564 3232 et
582 3165 749 3232 horrisona
768 3184 908 3234 mortem
926 3166 985 3233 illis
1004 3189 1084 3235 uoce
1103 3168 1251 3234 minatur.

408 3279 518 3367 Legati
538 3279 667 3367 fugiunt
687 3279 802 3367 pauidi,
822 3281 1019 3369 dominoque
1038 3283 1172 3369 regressi

408 3394 484 3475 Que
503 3395 543 3462 sit
561 3396 606 3462 eis
624 3414 752 3463 narrant
771 3396 854 3464 illata
873 3398 995 3479 iniuria,
1014 3415 1168 3484 quantum

407 3508 630 3599 Obprobrium
648 3510 790 3593 tulerint;
808 3510 954 3579 rabidum
973 3512 1092 3600 cepisse
1111 3510 1251 3580 furorem

292 3698 299 3710 ,
406 3625 574 3692 Edomitos
592 3649 694 3716 nuper
713 3627 798 3694 ciues
817 3625 980 3716 factosque
1000 3627 1142 3710 rebelles,
1378 3631 1464 3716 2785

404 3741 544 3808 Necnon
565 3759 626 3807 tres
648 3742 803 3830 Ligurum
822 3741 958 3831 populos
975 3743 1039 3808 iam
1060 3742 1245 3811 Mediolano

271 3971 349 4043 2762.
366 3973 409 4030 Cf.
423 3973 514 4031 Vnno.
530 3978 594 4032 Aen.
609 3977 657 4043 XI,
672 3992 732 4046 427.
919 3976 976 4049 368.
996 3977 1040 4031 Cf.
1060 3978 1209 4032 Rauawnu
1229 3977 1305 4033 Gesta
1322 3976 1396 4033 frid
1419 3976 1478 4048 IV„

271 4059 856 4127 2772.r...Mediolanensesiuraveruntcum
915 4061 988 4131 542.

308 4142 514 4199 «Brixiensibus
532 4157 559 4199 et
576 4144 750 4212 Placentinis,
766 4158 792 4200 et
807 4149 856 4200 rui-
880 4146 958 4216 2781.
971 4146 1061 4202 Vane.
1073 4147 1138 4201 Aen.
1150 4144 1211 4213 Xll,
1225 4145 1284 4215 760.

308 4240 426 4281 «serunt
449 4228 554 4299 legatos
578 4230 611 4282 ad
635 4230 786 4285 Adrianum
810 4248 856 4301 pa·
881 4229 958 4299 2782.
978 4229 989 4283 I
1009 4229 1091 4300 legati
1110 4229 1242 4300 imperiali
1261 4230 1287 4284 di
1311 4232 1353 4284 cui
1378 4231 1466 4301 quisi

307 4328 421 4382 epam...
450 4324 477 4367 et
502 4311 678 4368 concordiam
708 4312 856 4368 lecerunt...
916 4311 999 4383 parla,
1017 4311 1116 4367 lurono
1136 4312 1269 4366 Rainaldo
1288 4312 1314 4366 di
1333 4311 1467 4368 Dassele

307 4398 404 4467 «quod
415 4399 512 4452 exinde
525 4415 581 4452 non
594 4401 802 4468 paciscerentur,
812 4398 855 4453 vel
917 4397 1021 4451 Ottone
1044 4397 1070 4450 di
1098 4397 1284 4451 Wittelsbach.
1326 4396 1374 4450 Sul
1398 4396 1467 4451 fatto

307 4480 451 4552 «aliquam
465 4483 641 4537 concordiam
657 4481 778 4537 lacerent
794 4500 855 4537 cum
915 4493 1024 4536 narrato
1037 4481 1070 4536 cl.
1083 4483 1232 4537 Rauewrur
1244 4483 1318 4537 Gesta
1330 4483 1402 4536 Frid.
1419 4481 1467 4550 lV,

306 4582 321 4613 α
331 4563 462 4618 Fedcrico
478 4568 641 4636 imperatore
656 4566 757 4637 absque
772 4565 856 4620 licen-
916 4565 990 4635 §233
1008 4566 1044 4620 O.
1054 4565 1187 4632 Monuni,
1199 4567 1299 4621 Dereb.
1310 4565 1390 4621 Laud.
1400 4562 1468 4637 6093

306 4666 321 4697 c
330 4648 367 4700 tia
378 4648 491 4704 Adriani
503 4666 589 4721 papae
599 4669 623 4702 a.
634 4650 692 4705 Lib.
703 4651 765 4704 trist.
776 4657 799 4704 ct
808 4649 855 4704 dot
915 4650 971 4704 Lib.
988 4652 1050 4705 trist.
1066 4658 1088 4706 ct
1102 4651 1150 4705 dol.
1165 4649 1224 4720 367.
