3436 5754
551 458 675 515 cussa
703 459 742 513 or
771 432 956 517 rnonmco
985 462 1006 515 1.

211 705 220 715 ‘
315 706 467 774 Terdone
487 705 613 775 castella
631 705 708 789 dari,
726 730 789 796 que
808 727 898 797 capta
917 709 1056 798 maligne

316 822 426 889 Turba
445 821 625 888 Ticinensis
645 821 781 890 discordi
801 843 908 890 mente
927 823 1066 906 tenebat,

186 959 271 1026 1740
315 940 431 1026 Atque,
450 934 569 1004 addens
588 939 734 1025 grauiora
752 939 838 1020 satis,
857 939 1010 1007 nonnulla
1028 963 1177 1023 reseruat,

316 1051 392 1133 Que
411 1077 445 1121 se
465 1055 608 1121 uisurum
627 1052 750 1120 meliori
768 1071 912 1141 tempore
932 1052 1006 1122 dicit
1013 1080 1023 1136 ;

316 1172 501 1258 Intereaque
520 1167 616 1236 uades
636 1170 752 1236 seruari
773 1167 947 1236 Mediolani

315 1285 450 1373 Precipit
468 1302 500 1352 et
519 1302 626 1372 captos
642 1285 707 1350 iam
725 1283 847 1352 dudum
867 1285 1022 1373 compede
1040 1287 1176 1353 uinctos.

315 1401 429 1488 Sicque
449 1399 638 1467 Ticinenses
657 1400 774 1468 abeunt
792 1423 867 1469 cum
885 1388 961 1489 pace
981 1400 1137 1484 dolenteS,

141 1568 152 1585 .
186 1519 267 1604 174‘5
315 1517 396 1582 Pace
415 1514 543 1604 quidem
564 1514 667 1583 uerbis
687 1515 799 1597 stabili,
818 1536 865 1583 set
883 1517 976 1584 rebus
994 1518 1097 1584 inani:

313 1632 400 1700 Nam
418 1648 565 1719 precepta
583 1650 717 1718 grauant
735 1630 871 1700 nimium
891 1634 1031 1700 censoris
1049 1634 1160 1723 iniqui,

313 1750 383 1816 Nec
401 1769 526 1814 seruare
545 1745 658 1835 placet,
676 1747 822 1836 quamuis
840 1750 996 1836 promissa
1015 1748 1174 1838 uadesque

316 1863 555 1952 Captorumque
574 1862 662 1928 labor
681 1880 804 1929 mentes
822 1863 936 1950 pietate
956 1882 1108 1932 coartent.

315 1977 474 2047 Scinditur
493 1979 526 2045 in
545 1978 646 2045 uarias
665 1976 754 2064 uulgi
772 1979 928 2044 sententia
946 1997 1066 2067 partes:

315 2096 390 2161 Pars
409 2117 533 2161 seruare
551 2092 649 2160 fidem
669 2112 777 2160 censet
794 2092 948 2182 fedusque
968 2114 1132 2185 receptum

314 2211 354 2277 Et
372 2232 520 2277 reuocare
539 2232 616 2276 suos
634 2208 742 2276 hostili
760 2231 882 2277 carcere
903 2209 1044 2293 clausos;

314 2331 356 2396 At
374 2329 472 2417 patrie
492 2326 624 2395 dilectus
642 2326 747 2395 honor
765 2328 985 2416 promissaque
1004 2331 1086 2417 regis

314 2443 440 2512 Auxilia
459 2463 491 2512 et
510 2462 653 2511 uetemm
673 2465 765 2510 mens
784 2442 868 2510 haud
888 2443 985 2510 oblita
1004 2444 1162 2513 malorum

314 2558 491 2626 Sollicitant
508 2558 586 2625 alios
606 2576 640 2626 ut
660 2556 764 2625 federa
783 2560 885 2646 turpia
902 2578 1062 2648 rumpant.

315 2675 377 2763 Ipsi
397 2676 493 2741 etiam
512 2673 665 2742 mandant
684 2674 777 2762 capti,
797 2673 938 2741 mirabile
957 2673 1053 2757 dictu,

314 2788 410 2858 Nolle
429 2789 478 2856 sui
496 2811 589 2856 causa
607 2787 795 2876 probrosam
813 2811 939 2856 sumere
958 2812 1070 2878 pacem

314 2907 383 2973 Nec
402 2905 501 2993 patrie
518 2905 649 2992 regniue
669 2903 764 2971 decus
783 2903 901 2971 uiolare
921 2905 1072 2992 Papiam;

315 3022 457 3088 Mortem
475 3019 569 3086 malle
587 3021 662 3107 pati,
680 3042 777 3108 quam
796 3018 901 3087 federe
921 3022 1027 3088 uiuere
1047 3023 1139 3111 turpi.

315 3138 412 3223 Ergo,
430 3135 503 3202 licet
521 3158 603 3216 sero,
622 3137 763 3203 censoris
782 3137 866 3203 iussa
885 3136 1016 3226 maligni

316 3250 442 3337 Spernit
460 3247 537 3315 dura
556 3249 662 3329 nimis,
681 3251 777 3337 captis
797 3249 993 3338 uadibusque
1012 3251 1138 3334 relictis,

316 3367 520 3453 iuratumque
539 3383 635 3452 negat
654 3363 743 3431 ledus
763 3387 887 3432 seruare
906 3367 1011 3453 Papia.
1112 3373 1113 3376 ’

316 3480 411 3548 Haud
431 3503 521 3547 mora
540 3481 588 3548 uir
606 3480 744 3568 prudens
764 3478 871 3568 Opizo
891 3480 1023 3550 festinus
1043 3481 1082 3549 ad
1102 3482 1200 3550 altum

316 3595 519 3683 Progreditur
536 3619 646 3683 regem
665 3615 697 3664 et
715 3596 823 3663 recitat
842 3620 890 3663 res
910 3595 1020 3663 ordine
1040 3615 1145 3685 gestas

315 3710 563 3800 Suppliciterque
581 3730 673 3798 rogat
692 3712 781 3778 citius
800 3734 966 3800 properare
986 3712 1112 3800 suisque

316 3829 409 3895 Ferre
428 3851 524 3915 opem
543 3846 574 3894 et
593 3826 744 3893 auxilium
763 3828 955 3914 promissum
975 3828 1079 3914 sepius
1099 3826 1166 3893 illis.

314 3946 413 4025 Nam,
431 3945 490 4009 nisi
509 3961 679 4023 succurrat,
698 3942 851 4030 perituros
871 3965 993 4009 carcere
1014 3944 1098 4009 ciues

315 4059 436 4125 Asserit
453 4060 613 4145 ingenuos
632 4058 848 4145 ruituramque
867 4080 936 4125 esse
957 4057 1087 4145 Papiam

316 4175 355 4241 Et
374 4172 507 4262 reliquas
527 4171 620 4240 urbes
640 4173 758 4239 uicinas
779 4171 973 4238 Mediolano.

239 4345 306 4402 1764.
322 4344 462 4391 coaeterua

187 4512 261 4566 ¹743·
277 4494 392 4549 Troum.
411 4497 497 4550 Carra.
512 4496 545 4560 11,
560 4495 585 4561 6,
602 4511 642 4562 25.
828 4516 841 4543 (ι
852 4493 1019 4563 temptabant
1038 4493 1181 4564 Papienses
1195 4511 1219 4546 u.
1257 4491 1371 4546 Orrou.

187 4580 260 4650 1748.
277 4578 318 4634 Cf.
336 4580 420 4634 Srar.
441 4580 514 4634 Theb.
527 4580 560 4646 X,
578 4582 635 4646 558,
653 4582 710 4646 580.
830 4578 903 4632 Gesta
918 4576 989 4631 Frid.
1005 4576 1067 4646 11,§
1085 4593 1131 4646 513
1151 4575 1184 4629 cf.
1201 4577 1257 4630 Lib.
1273 4579 1337 4631 trist.
1351 4585 1373 4630 ct

187 4664 261 4735 1761.
274 4683 386 4720 «...cum
397 4664 476 4718 duras
489 4665 604 4717 nimium
616 4664 689 4734 pacis
703 4679 765 4716 con·
827 4665 873 4717 dol.
893 4660 949 4732 364.

220 4750 359 4806 «ditiones
376 4750 520 4816 audissent,
533 4766 623 4804 rursus
633 4749 764 4804 rebellare
795 4746 868 4817 1762.
886 4747 978 4818 Opizo]
992 4765 1017 4799 v.
1033 4746 1058 4799 la
1071 4757 1135 4799 nota
1151 4744 1177 4798 al
1191 4763 1217 4800 v.
1236 4760 1310 4812 1401.
