3300 5796
483 464 609 522 GESTA
635 462 675 518 Dl
702 458 890 517 FEDERICO
919 461 940 514 l.

243 716 385 804 Imperat
401 732 434 781 et
453 713 563 780 medio
579 712 694 800 pariter
710 708 884 800 procedere
901 728 1018 796 campo

196 814 200 821 ⁸
245 831 406 899 Sublimes
424 832 457 896 in
476 831 566 917 equis
584 828 720 916 insignia
739 826 821 893 clara
839 824 997 891 ferentes:

179 969 197 1036 5
243 948 332 1015 Nam
351 967 495 1035 pugnare
514 946 610 1033 cupit,
629 944 656 1010 si
673 964 782 1031 pugne
801 942 892 1028 copia
911 939 1012 1006 detun

246 1061 344 1130 Haud
363 1084 464 1141 mora,
484 1083 540 1148 per
558 1082 709 1147 campum
728 1059 836 1124 castris
855 1056 1014 1144 equitatus
1032 1054 1149 1141 apertis

244 1179 412 1267 Spargitur
428 1176 586 1256 exultans,
603 1196 732 1241 necnon
752 1195 806 1240 rex
826 1174 893 1261 ipse
911 1169 1070 1238 uerendus

244 1293 323 1361 Alto
340 1312 452 1359 uectus
470 1311 555 1380 equo
572 1312 724 1378 campum
742 1290 830 1377 petit,
849 1286 991 1375 undique
1008 1285 1080 1351 lecti

245 1411 458 1478 Conueniunt
475 1408 608 1496 equites,
626 1425 674 1474 set
689 1428 756 1473 non
776 1405 849 1472 data
868 1406 960 1493 copia
978 1426 1098 1492 pugne.

179 1547 199 1593 ο
244 1527 342 1592 Arcet
359 1525 447 1591 enim
466 1523 553 1590 ciues
571 1540 731 1588 rectorum
750 1518 842 1587 turba
861 1536 988 1586 ruentes

247 1641 288 1706 Et
305 1637 431 1726 prodire
451 1657 547 1718 uetat,
566 1654 673 1725 portas
692 1635 877 1723 uallumque
894 1634 986 1715 tueri,

245 1751 344 1819 Tunc
361 1752 437 1819 satis
456 1774 525 1818 esse
543 1770 668 1838 putans,
687 1751 842 1838 quoniam
861 1748 988 1815 fortuna
1007 1749 1145 1814 recessit.

244 1866 373 1954 Vulgus
391 1867 475 1933 iners
492 1864 625 1946 uallum,
645 1884 753 1953 portas
772 1866 918 1931 animosa
937 1864 1088 1929 iuuentus

247 1980 409 2069 Occupat,
427 2000 458 2047 et
476 1982 583 2047 cuncti
601 1979 828 2047 moderantum
847 1981 931 2047 iussa
949 1976 1119 2045 facessunt.

179 2121 194 2184 5
244 2095 336 2163 Turn
354 2096 491 2183 primam
511 2116 585 2163 ante
604 2096 706 2163 aciem
718 2095 832 2163 ductor
852 2118 923 2163 sese
934 2093 1052 2162 arduus
1063 2093 1159 2160 infert

245 2210 453 2278 vociferans:
477 2210 623 2298 «pudeat
640 2211 725 2278 uallo
744 2210 893 2300 fossaque
911 2211 1013 2277 teneri

249 2354 267 2390 e
279 2325 440 2394 Effrenem
458 2327 624 2415 populum,
644 2328 698 2416 qui
716 2326 798 2394 bella
816 2328 900 2394 ciere
917 2325 1040 2394 solebat

250 2443 320 2508 «Et
338 2440 435 2529 paulo
454 2460 528 2508 ante
545 2441 603 2507 sibi
623 2442 713 2530 regui
731 2440 884 2531 poscebat
902 2441 1085 2509 honorem!

249 2582 267 2617 e
280 2553 362 2634 Quo
379 2556 474 2641 uigor
491 2554 542 2621 ille
560 2554 667 2642 prior?
685 2577 752 2643 quo
770 2573 856 2624 tanta
875 2553 1022 2644 superbia
1046 2555 1166 2623 cessit?

179 2695 199 2741 ο
250 2673 376 2738 «Nunc
397 2670 471 2737 dare
489 2691 549 2736 vos
568 2690 665 2758 equo,
683 2672 774 2760 siqua
791 2690 842 2738 est
858 2670 1000 2753 audacia,
1021 2692 1154 2759 camp03

250 2788 377 2853 «Nunc
396 2785 540 2851 conferre
558 2806 703 2866 manum,
723 2786 813 2874 siqua
832 2804 880 2853 est
897 2786 1025 2868 fiducia,
1042 2785 1128 2854 bello
1142 2813 1174 2854 u.

246 2900 341 2968 Talia
360 2921 442 2966 uoce
460 2898 562 2980 resen,
581 2900 654 2965 sotii
674 2899 814 2968 clamore
832 2921 986 2969 secuntur

247 3017 449 3094 Horrisono;
469 3012 578 3080 multis
596 3015 729 3101 stipatus
748 3015 876 3084 milibus
895 3016 1009 3084 urbem

248 3130 381 3211 Circuit,
400 3127 568 3216 explorans
588 3128 690 3196 aditus
709 3152 766 3217 per
783 3130 887 3214 deuia,
904 3132 1057 3215 clausam,

181 3267 199 3333 5
247 3247 295 3311 Ac
315 3241 403 3311 uelut
421 3243 551 3309 antistes
569 3241 730 3310 lustranda
748 3267 806 3332 per
823 3247 900 3312 atria
918 3269 1084 3336 pompam,

247 3355 400 3425 Sacrifico
419 3358 594 3423 comitante
612 3354 712 3423 choro
731 3356 834 3447 longo
852 3360 979 3442 ordine,
997 3360 1103 3444 ducit;

247 3470 427 3539 Precedunt
445 3470 562 3538 uexilla
578 3473 680 3539 cmcis
699 3475 906 3564 sequiturque
923 3498 1041 3544 canora

248 3585 361 3653 Turba
379 3587 468 3674 operi
487 3584 604 3652 deuota
622 3588 694 3674 pio;
714 3590 758 3654 sic
777 3612 833 3656 rex
852 3590 1039 3660 Fredericus

250 3701 378 3767 Lustrat
398 3722 482 3788 equo
501 3697 608 3781 latam,
627 3701 721 3766 sociis
741 3703 979 3788 comitantibus,
999 3707 1123 3775 urbem.

179 3836 206 3882 ὀ
251 3816 380 3903 Spectat
398 3814 437 3878 ab
457 3813 583 3880 excelso
601 3814 725 3882 clausus
744 3816 897 3885 radiantia
916 3820 1003 3887 uallo

249 3930 350 4016 Signa
369 3926 487 3995 ducum
506 3927 642 4016 populus
660 3952 844 4020 cuneosque
862 3933 903 4000 ad
921 3933 1003 4001 bella
1020 3955 1160 4023 paratos,

251 4044 291 4110 Et
311 4041 449 4108 clamore
469 4041 544 4108 furit
566 4041 663 4129 digna
681 4062 776 4132 atque
792 4046 925 4135 indigna
942 4049 1043 4117 relatu

252 4157 420 4238 Obiciens,
438 4155 541 4224 medie
557 4175 645 4225 tutus
663 4157 844 4230 discrimine
863 4162 960 4246 losse,

179 4378 242 4437 t360.
257 4376 314 4422 Coa.
328 4374 380 4419 date
452 4385 521 4432 ²37¹-
536 4373 593 4420 Cod.
607 4375 666 4420 bebo

179 4578 196 4628 t.
208 4562 298 4614 Vero.
312 4561 375 4614 Aen.
391 4557 451 4624 VII,
467 4557 525 4625 285.
725 4561 802 4632 23⁶¹·
818 4560 909 4621 vm,
925 4568 989 4623 Am,
1004 4567 1052 4637 x1‚
1067 4585 1126 4638 502,
1141 4572 1203 4639 m,
1216 4573 1277 4639 430·

179 4645 195 4700 3·
210 4646 300 4698 VERG·
316 4645 378 4698 Am·
395 4640 455 4708 Vfl,
473 4642 531 4709 585·
725 4644 838 4719 2362·3.
850 4649 941 4706 Vetto.
954 4656 1017 4708 Am.
1030 4654 1078 4721 IX,
1095 4672 1163 4727 54-5.

179 4724 436 4791 ;.vme.Aen.1x,
454 4741 494 4794 53·
725 4743 803 4800 2372·
816 4730 908 4790 Vm.
923 4738 987 4791 ΑΜ·
1001 4738 1050 4804 lx»
1067 4754 1126 4811 595·
