3300 5796
583 451 707 508 GESTA
735 452 774 507 DI
802 453 989 509 FEDERICO
1017 454 1040 507 I.

214 717 298 783 3215
347 697 459 766 Castra
477 698 584 767 locant
602 701 800 790 summisque
819 720 929 789 parant
948 702 1121 791 irrumpere
1139 701 1224 771 fores

345 813 472 882 Viribus
491 832 522 882 et
537 814 618 882 duro
636 815 799 884 castellum
818 817 945 885 uincere
963 815 1056 885 bello,

347 929 402 996 Hii
420 929 538 1018 lapides
557 953 594 998 ac
611 930 673 998 tela
690 933 799 1021 procul
819 932 994 1000 iaculantur
1011 951 1043 1000 et
1060 934 1181 1022 ignem,

346 1045 401 1112 Hii
419 1069 453 1113 se
472 1048 638 1115 tormentis
658 1066 806 1115 exercent
824 1049 857 1116 in
877 1047 1039 1130 faciendis,

346 1159 402 1227 Hii
419 1160 557 1230 subeunt
572 1161 682 1244 altum,
702 1162 849 1251 neglecto
869 1185 1011 1252 corpore,
1031 1186 1159 1230 mumm

167 1291 173 1299 ·
213 1293 300 1360 3220
346 1276 386 1343 Et
400 1292 559 1363 temptant
576 1276 667 1345 scalis
685 1278 801 1365 pariter
819 1275 1032 1343 conscendere
1050 1277 1175 1344 iunctis.

347 1387 475 1457 Omnes
493 1392 692 1479 propositum
711 1390 853 1480 potiendi
873 1389 1019 1458 menibus
1038 1409 1163 1478 urguet.

346 1503 496 1593 Cumque
514 1503 581 1572 dies
600 1507 691 1595 pauci
710 1508 903 1588 transissent,
923 1507 1050 1573 territus
1069 1505 1181 1587 hostis,

346 1619 510 1686 Auxilium
528 1620 614 1688 nulla
632 1642 760 1709 sperans
779 1620 836 1688 sibi
856 1639 944 1709 parte
962 1620 1104 1689 futurum
1199 1702 1210 1729 ί

346 1734 385 1800 Et
402 1731 468 1802 fera
487 1734 566 1802 bella
585 1734 697 1803 uidens
716 1736 780 1802 iam
801 1735 1049 1824 circumquaque
1067 1737 1178 1824 parari,

216 1868 299 1934 3225
348 1850 456 1916 Menia
475 1851 649 1939 Pergamee
667 1849 761 1918 tradit
779 1852 934 1918 tutissima
952 1851 1052 1938 genti,

346 1965 461 2034 Tristis
481 1985 512 2034 et
531 1966 694 2034 obsessam
714 1967 777 2034 cito
796 1967 899 2033 uictus
918 1964 1032 2033 deserit
1052 1988 1167 2033 arcem.

346 2079 541 2168 Pergameus
560 2081 678 2169 gaudet
696 2080 833 2169 populus
852 2078 1072 2169 maculamque
1091 2080 1221 2169 pudoris

345 2193 508 2283 Abstergit
525 2198 652 2277 ueteris,
671 2195 802 2284 Uulpini
821 2194 896 2262 sede
915 2214 1054 2284 recepta3

346 2311 436 2379 Gens
454 2317 562 2379 autem
581 2313 729 2379 Brixiana
747 2310 834 2379 dolet
853 2310 996 2392 confusa,
1015 2333 1074 2377 nec
1093 2308 1187 2378 audet

345 2426 483 2493 Vrbanis
500 2427 643 2515 perculsa
662 2444 751 2494 metu
771 2448 976 2515 prorumpere
995 2424 1147 2507 claustris,

345 2540 398 2607 Sic
417 2541 559 2608 Fortuna
577 2542 662 2608 uices
681 2541 792 2620 uariat,
810 2541 854 2606 sic
873 2537 985 2606 infima
1004 2540 1138 2607 summis

345 2656 544 2743 Summaque
563 2672 752 2736 commutat,
769 2677 827 2721 sua
846 2677 919 2721 cum
938 2671 1008 2721 rota
1026 2653 1175 2734 uoluimr,
1195 2655 1277 2720 imis

388 2771 460 2839 Nec
479 2772 585 2838 minus
605 2769 739 2838 audaces
757 2771 843 2838 ciues
861 2790 989 2857 quoque
1009 2767 1183 2835 Mediolani

346 2884 437 2952 Tum
456 2885 521 2952 fera
540 2884 620 2952 bella
640 2902 785 2965 mouent,
803 2902 980 2974 prouocant
999 2902 1030 2951 et
1048 2884 1131 2971 regis
1150 2883 1280 2964 amicos,

348 2999 530 3069 Obsidione
549 3003 645 3069 etiam
665 3000 815 3070 claudunt
834 3001 959 3068 castella
978 3000 1030 3068 uel
1050 3023 1146 3068 arces.

345 3118 401 3185 Est
419 3118 500 3184 inter
520 3118 641 3185 Cumas
660 3135 754 3206 atque
774 3117 883 3185 urbem
905 3116 1079 3184 Mediolani

345 3231 464 3300 Nobile
483 3232 659 3314 castellum,
677 3234 727 3300 cui
746 3255 866 3299 nomen
887 3231 1060 3312 Carcanus‚
1080 3231 1148 3298 altis

345 3346 496 3414 Menibus
515 3365 675 3429 umatum,
694 3346 796 3414 multo
814 3347 994 3414 munimine
1014 3363 1132 3426 tutum,

346 3459 447 3540 Quod
466 3483 622 3548 generosa
641 3479 754 3549 potens
773 3460 919 3548 belloque
938 3459 1079 3527 timenda
1099 3458 1222 3527 colebat

345 3575 455 3644 Turba
473 3577 589 3657 uirum,
609 3597 670 3664 que
689 3596 765 3643 mnc
785 3575 940 3642 Frederici
957 3593 1064 3641 mente
1086 3573 1169 3641 fideli

345 3692 521 3780 Imperium
539 3709 645 3780 spreto
664 3690 809 3758 seruabat
829 3689 1026 3758 Mediolano.

345 3807 443 3873 Nunc
462 3806 557 3893 igitur
575 3808 670 3888 cinea,
691 3829 765 3872 curn
784 3806 874 3892 regni
893 3803 1006 3872 ductor
1024 3803 1146 3870 abesset

347 3923 386 3988 Et
404 3920 502 4008 longe
520 3921 649 4009 positas,
668 3920 768 3988 causis
788 3918 1003 4008 poscentibus,
1022 3918 1114 3986 urbes

197 4120 200 4124 Δ
344 4035 483 4117 Viseret,
501 4036 667 4102 aduersam
686 4053 842 4122 temptant
860 4034 1052 4122 subiungere
1071 4051 1201 4121 gentem

213 4169 296 4236 3245
345 4148 610 4238 Carcaneumque
629 4168 739 4238 parant
759 4147 920 4216 castellum
941 4147 1067 4214 uincere
1086 4144 1179 4212 bello.

266 4368 336 4415 3234.
351 4364 373 4401 et
389 4367 471 4400 manca
485 4357 524 4400 rel
536 4355 592 4400 Cod.

213 4559 288 4612 3215.
306 4544 415 4598 Lucan.
431 4543 518 4598 Plars.
535 4543 582 4609 IV,
594 4540 651 4614 169.
822 4542 897 4610 3228.
912 4541 946 4594 V.
962 4540 989 4596 la
1003 4553 1068 4595 nota
1083 4540 1109 4594 al
1123 4559 1149 4593 v.
1165 4540 1241 4611 3198.

213 4625 289 4693 3216.
305 4626 415 4680 Lucan.
432 4625 519 4679 Phara.
535 4626 556 4691 1,
574 4639 631 4690 145.
821 4639 895 4694 3230.
910 4623 953 4679 Cf.
966 4623 1055 4678 Vsus.
1071 4625 1139 4692 Aea..
1150 4624 1170 4689 1,
1186 4638 1278 4694 513-4

213 4710 289 4779 3226.
304 4709 394 4765 Vero.
408 4711 472 4766 Aera.
485 4709 546 4773 xn,
562 4706 622 4778 698.
822 4722 896 4775 3244.
911 4705 1000 4761 Vsno.
1016 4707 1079 4761 Am.
1094 4705 1170 4771 VIII,
1185 4721 1243 4774 502.
