3300 5796
462 482 586 538 GESTA
613 482 652 537 Dl
681 481 868 537 FEDERICO
898 483 921 538 1.

92 734 155 821 485
232 733 425 822 «Tempore
444 755 509 821 quo
528 755 639 799 sumus
658 731 719 814 hic,
740 731 839 799 dulcis
859 730 947 798 labor
965 731 1024 798 iste
1043 731 1176 798 uidetur.

231 877 246 911 u
260 851 297 915 ln
318 848 437 930 multis,
455 846 567 930 fateor,
585 848 670 915 ciues
690 870 749 915 nos
768 846 853 915 urbis
872 847 1051 929 honorant3

230 963 326 1044 «Qui
347 982 455 1031 tamen
477 964 534 1030 hac
554 986 617 1030 una
637 981 712 1030 sunt
730 987 762 1030 re
781 961 973 1050 quandoque
992 962 1130 1044 molesti,

230 1105 246 1141 <r
260 1079 346 1147 Cum
365 1096 486 1167 cogunt
505 1077 642 1167 aliquem
661 1077 748 1167 quod
767 1100 834 1145 non
853 1079 1008 1167 acceperit
1027 1079 1093 1168 ipse

231 1221 246 1256 «
259 1193 403 1275 Solueoe,
421 1193 567 1261 tollentes
586 1211 712 1283 propter
732 1217 797 1261 non
818 1193 922 1261 debita
937 1194 1071 1283 pignus:

230 1310 407 1398 «Namque
426 1308 536 1377 datum
555 1310 670 1384 nostris
690 1309 801 1375 uicinis
822 1332 854 1375 es
875 1308 1013 1376 alienum

230 1426 287 1490 «A
306 1422 398 1491 nobis
418 1441 576 1513 repetunt,
595 1424 650 1512 qui
669 1423 757 1491 nullo
777 1425 844 1490 iure
862 1442 1018 1492 tenemur.

230 1539 364 1621 «Vnde,
382 1558 481 1629 puter,
499 1539 646 1627 petimus,
666 1562 851 1626 peruersum
871 1540 994 1626 corrige
1014 1561 1153 1621 morem,

230 1654 346 1742 «Lege
365 1673 418 1722 tua
437 1653 528 1721 liceat
547 1672 633 1721 tutos
653 1653 703 1720 hic
722 1677 790 1722 esse
809 1654 952 1742 legentes
965 1681 996 1720 n.

226 1770 322 1837 Tunc
340 1794 406 1853 rex,
426 1769 618 1860 principibus
638 1770 790 1838 consultis
810 1770 921 1838 ordine
940 1770 1072 1852 cunctis,

91 1907 154 1971 495
225 1886 347 1973 Legem
367 1885 550 1974 promulgat
568 1908 630 1974 que
649 1885 689 1952 sit
708 1885 804 1952 tutela
823 1883 999 1972 legentum,

227 2001 352 2069 Scilicet
370 2019 406 2068 ut
424 2024 521 2068 nemo
540 1999 682 2068 studium
701 2023 846 2067 exercere
866 1999 1010 2067 uolentes

227 2117 384 2205 Impediat
402 2135 520 2184 stantes
540 2140 599 2184 nec
618 2134 730 2184 euntes
749 2139 807 2183 nec
827 2115 1005 2198 redeuntes,

226 2233 298 2301 Nec
315 2255 373 2320 pro
392 2233 509 2314 uicino,
529 2233 582 2321 qui
602 2230 689 2299 nullo
710 2233 776 2299 iure
794 2250 928 2313 tenetur,

227 2346 360 2416 Soluere
380 2365 512 2435 cogatur
530 2345 617 2436 quod
636 2369 703 2413 non
723 2345 837 2414 debere
856 2345 1016 2434 probatur.

94 2483 159 2548 500
229 2462 307 2530 Inde
325 2482 418 2551 rogat
437 2464 521 2529 ciues
541 2480 576 2528 ut
595 2461 756 2529 honorent
774 2461 851 2529 urbe
870 2461 1016 2544 scolares,

228 2578 363 2666 Hospita
382 2579 450 2645 iura
468 2575 550 2644 dolis
568 2595 696 2644 seruent
713 2576 800 2644 illesa
819 2579 962 2658 remotis,

226 2693 366 2782 Postque
386 2691 451 2760 dies
470 2715 605 2795 paucos,⁸
620 2693 768 2780 reparatis
788 2690 917 2774 uiribus,
937 2683 1011 2758 inde

229 2809 340 2876 Castra
358 2830 505 2890 mouens,
524 2791 638 2875 ductor
658 2807 843 2875 Tuscorum
862 2808 968 2874 uisitat
988 2806 1090 2874 urbes.

292 2923 432 2991 Nuntius
451 2924 570 3018 interea
589 2924 734 3010 peruenit
753 2922 984 3004 Mediolanum,

148 3090 206 3146 487.
223 3087 278 3134 Cod.
292 3088 325 3153 rei
338 3089 461 3134 emodesti
505 3090 566 3150 489.
580 3090 636 3135 Cod.
650 3091 745 3135 tolentes
795 3090 919 3149 492.Cod.
933 3087 1019 3147 corrige
1058 3103 1119 3149 494.
1135 3088 1189 3134 Cod.
1205 3089 1290 3136 coneris

97 3182 156 3229 497.
172 3169 228 3214 cod.
243 3168 378 3214 reddeuntes
431 3181 483 3227 499.
499 3168 555 3214 Cod.
571 3169 651 3214 dedere

92 3346 152 3402 499.
167 3329 213 3382 «11
234 3342 380 3384 contenuto
400 3330 470 3385 della
494 3331 574 3402 legge
598 3347 678 3385 come

130 3417 200 3488 «qui
219 3418 234 3470 ὲ
254 3414 361 3485 riserita,
388 3417 562 3488 corrisponde
581 3429 678 3470 esatta-

742 3353 756 3382 «
767 3344 856 3403 poeta.
893 3331 932 3386 La
944 3332 1024 3403 legge
1037 3344 1136 3404 poteva
1147 3350 1236 3388 essere
1246 3335 1289 3405 gia

743 3436 757 3466 a
768 3429 836 3470 stata
851 3430 977 3470 emanata
995 3416 1040 3470 nel
1061 3433 1125 3485 1155
1148 3435 1162 3471 e
1177 3419 1290 3472 tuttavia

131 3520 145 3552 a
156 3513 247 3555 mente
254 3500 307 3554 alla
316 3499 422 3555 famosa
432 3502 567 3555 autentica
572 3501 677 3566 Habita,

130 3585 359 3640 nl'antichissimo
381 3584 522 3656 privilegio
537 3584 678 3655 imperiale

130 3692 145 3723 a
155 3688 202 3743 pet
214 3672 250 3742 gli
264 3673 395 3737 studenti;
409 3689 454 3725 ma
466 3670 510 3725 nel
528 3671 624 3743 Corpus
634 3674 678 3742 ju·

131 3777 144 3805 a
155 3758 191 3810 ris
205 3757 295 3822 civilis,
310 3756 381 3810 dove
399 3755 418 3808 il
437 3755 580 3826 privilegio
595 3753 623 3809 fu
639 3756 679 3808 in·

130 3859 144 3887 «
154 3840 236 3893 serito
246 3855 294 3909 per
307 3839 400 3893 ordine
413 3837 678 3909 dell’lmperatore‚e

130 3922 291 3976 uindicate:
318 3923 401 3977 ‘Dat
427 3923 505 3993 apud.
530 3924 677 3977 Roncalias

131 4021 227 4059 «anno
243 4007 355 4060 Domini
374 4007 440 4074 1158
455 4024 550 4061 mense
565 4024 679 4061 novem-

130 4109 145 4138 α
155 4090 194 4142 bri
205 4090 221 4155 '3
234 4091 266 4144 ed
280 4092 295 4144 e
309 4091 435 4162 generale
448 4092 465 4144 l'
474 4092 543 4158 idea,
553 4092 605 4146 che
615 4109 678 4146 esso

132 4195 145 4223 u
156 4175 206 4227 stia
222 4175 248 4227 in
262 4175 397 4229 telazione
417 4193 469 4230 con
482 4176 603 4230 l’attivita
618 4195 678 4231 mo·

131 4270 238 4312 nstrata
262 4259 305 4311 dai
324 4260 425 4314 dottori
445 4259 587 4331 bolognesi
606 4260 678 4314 nella

131 4342 226 4395 «dieta
245 4342 271 4395 di
293 4342 443 4414 Roncaglia
465 4341 508 4396 del
536 4344 610 4410 1158.
647 4343 678 4397 Io

742 3518 856 3555 «essere
872 3514 940 3556 stata
956 3500 1290 3569 riconfermatane111583

742 3586 827 3640 «solo
848 3587 932 3641 allora
948 3584 1020 3641 forse
1035 3584 1063 3640 fu
1083 3588 1213 3657 aggiunto
1229 3585 1291 3640 l’or·

743 3688 757 3718 u
768 3669 830 3722 dine
849 3667 1084 3740 dell'lniperatore
1103 3669 1154 3723 che
1170 3669 1196 3722 la
1211 3669 1290 3740 legge

742 3751 840 3808 «fosse
850 3754 956 3809 accolta
966 3755 1048 3808 ‘inter
1063 3753 1216 3824 imperiales
1227 3771 1288 3808 con·

742 3858 757 3889 «
767 3838 925 3892 stituciones
944 3838 993 3891 sub
1009 3836 1103 3891 titulo:
1118 3838 1155 3891 Ne
1167 3839 1234 3907 filius
1242 3848 1290 3909 pro

742 3942 757 3971 a
764 3922 855 3993 paire,'
866 3939 922 3975 ecc.
933 3941 947 3970 »
977 3921 1044 3977 Cosl
1056 3921 1073 3974 il
1085 3921 1291 3987 Grasnunecur‚

740 4007 820 4078 Supra
834 4007 855 4058 il
869 4007 968 4069 Poema,
994 4021 1033 4075 14,
1053 4023 1105 4060 ove
1121 4007 1147 4058 in
1163 4019 1228 4060 nota
1245 4024 1291 4059 an-

742 4091 792 4145 che
810 4092 925 4158 ricotda‚
945 4091 994 4146 che
1013 4091 1058 4145 nel
1074 4108 1124 4144 ms.
1143 4091 1168 4143 di
1185 4091 1291 4145 Vienna

741 4175 766 4227 di
784 4175 826 4228 cui
845 4175 867 4228 si
883 4175 966 4245 giovo
986 4174 1005 4226 il
1023 4175 1114 4227 Punrz
1130 4190 1177 4243 per
1196 4187 1291 4244 questa

742 4257 821 4329 legge
831 4259 915 4328 (Mon.
928 4258 1013 4313 Germ.
1027 4259 1081 4312 laist.
1095 4257 1161 4330 Leg.
1176 4258 1209 4326 Il,
1222 4259 1291 4327 114),

742 4360 840 4397 manca
852 4343 878 4397 la
891 4343 961 4398 data.

131 4442 211 4479 «non
233 4426 306 4480 .vedo
327 4426 477 4481 sufficiente
501 4425 678 4482 fondamento
709 4427 830 4500 504-609.
846 4428 958 4482 Intomo
977 4427 1030 4481 alla
1049 4427 1246 4482 tiediiicazione
1266 4427 1292 4480 di

131 4530 146 4559 n
156 4526 203 4581 per
212 4527 291 4581 potre
304 4512 331 4564 in
342 4511 442 4565 dubbio
453 4510 479 4565 la
489 4512 550 4565 data
560 4512 621 4565 dell'
632 4530 680 4566 au·

131 4613 146 4643 n
155 4594 254 4647 tentica
264 4593 308 4647 nel
316 4592 413 4667 Corpus
418 4595 614 4663 Juri5‚tuttavia
623 4612 679 4649 non

131 4678 270 4750 «bisogna
283 4697 330 4750 pet
342 4693 438 4751 questo
449 4693 560 4734 mettere
574 4682 600 4734 in
614 4681 680 4735 dub·

132 4762 203 4816 abio
236 4762 392 4818 l'esattezza
427 4764 604 4834 cronologica
635 4765 678 4819 del

743 4512 868 4566 Tonona
889 4511 922 4566 cl.
943 4512 1059 4566 onon.
1078 4513 1152 4568 Gesta
1171 4511 1242 4566 Frid.
1258 4511 1293 4577 ΙΙ,

743 4596 758 4667 5
779 4613 826 4664 51;
851 4595 887 4651 Ο.
908 4597 1042 4663 Monens,
1061 4597 1101 4651 De
1132 4598 1183 4650 reb.
1211 4593 1292 4649 Laud.

746 4681 858 4752 594³²·5;
875 4680 1118 4735 consumma.
1133 4681 1206 4736 Gesta
1220 4677 1291 4734 Frid.

743 4780 846 4831 400-4.
