3300 5796
588 463 712 519 GESTA
740 464 780 519 DI
807 462 994 519 FEDERICO
1023 460 1043 516 Ῑ.

352 713 530 802 «Namque
549 713 677 779 inimica
695 712 751 780 tibi
769 712 838 780 uisa
856 730 903 779 est
922 711 1006 800 prius
1026 710 1088 778 alta
1105 711 1186 778 meri

352 830 490 897 «Meuia
509 828 680 910 Terdone3
699 845 747 895 set
766 850 841 895 cum
859 845 1003 916 superata
1021 827 1168 909 ruissent,

353 946 461 1012 «Post
479 944 576 1012 breue
595 943 729 1011 collecto
748 944 904 1032 reparauit
922 941 1037 1010 robore
1057 960 1183 1030 tempus

353 1062 421 1129 «Et
440 1083 519 1149 quas
537 1060 654 1128 iussisti
673 1060 807 1148 reparati
826 1082 893 1125 non
913 1057 987 1125 sinit
1005 1056 1109 1125 urbes.

354 1176 445 1243 «Pro
463 1174 564 1257 dolor,
581 1176 683 1242 immo
704 1174 801 1241 etiam
818 1171 914 1240 solito
931 1172 1047 1260 premit
1065 1170 1199 1260 amplius
1218 1170 1297 1256 illas,

353 1291 526 1381 «Captiuis
545 1290 638 1358 duras
657 1289 745 1357 auxit
763 1312 843 1378 gens
862 1286 1008 1377 improba
1026 1310 1125 1376 penas

354 1404 480 1487 «Quos
498 1426 553 1475 tua
571 1404 702 1473 dissolui
721 1405 830 1494 pietas,
849 1422 938 1493 pater
956 1405 1087 1493 optime,
1105 1404 1209 1481 iussin

355 1522 454 1590 «Nos
474 1521 614 1610 aliosque
633 1538 706 1588 tuos
725 1537 836 1587 contra
854 1537 908 1588 tua
927 1520 1011 1588 iussa
1030 1519 1138 1587 fideles

354 1637 593 1725 «Persequitur,
613 1636 767 1725 regnique
786 1633 844 1702 sibi
862 1636 927 1702 iant
945 1636 1048 1724 poscit
1067 1633 1224 1702 honorem

355 1754 423 1821 «Et
441 1771 529 1841 parat
548 1753 581 1819 in
600 1731 844 1840 tota'Ligurum
863 1752 995 1839 regione
1015 1773 1150 1839 preesse.

355 1870 470 1957 «Ergo
489 1867 536 1935 fer
555 1866 719 1949 auxilium,
738 1884 837 1956 pater,
856 1867 1037 1955 imperiose,
1056 1887 1232 1954 precamur,

217 1987 302 2070 1465
356 1984 425 2050 «Et
442 2001 496 2050 tua
516 1980 686 2050 subueniat
705 1983 828 2050 miseris
847 1981 1013 2049 clementia
1033 1979 1137 2066 nobis,

355 2098 452 2166 «Nec
471 2098 553 2165 sinat
572 2099 672 2166 euerti
691 2099 848 2186 Ligurum
866 2117 933 2164 tarn
952 2098 1083 2186 turpiter
1100 2094 1192 2165 urbes
1204 2121 1235 2162 n.

351 2211 529 2279 Condoluit
547 2211 640 2281 diuus
659 2232 767 2279 motus
786 2234 880 2300 super
898 2212 948 2278 his
967 2210 1150 2279 Fredericus

351 2326 612 2411 Concutiensque
631 2346 725 2416 caput
743 2327 880 2395 nitidum
899 2326 946 2394 bis
965 2346 1075 2416 terque
1093 2325 1254 2415 profatur:

355 2441 528 2531 «Expedit,
545 2461 581 2510 ut
600 2442 706 2525 uide0,
723 2441 863 2510 cohiberi
882 2441 1057 2511 Mediolani

219 2578 307 2645 1470
357 2559 426 2623 «Vi
445 2557 612 2647 populum,
632 2577 667 2626 ut
685 2581 798 2647 pacem
817 2577 922 2625 seruet
939 2557 1152 2646 mandataque
1168 2574 1286 2637 nostra,

356 2697 372 2734 «
385 2670 461 2760 Que
479 2675 603 2741 tociens
620 2675 738 2762 spreuit
758 2672 943 2741 dominandi
965 2692 1075 2761 captus
1094 2695 1214 2740 amore.

356 2789 440 2855 «Me
485 2807 503 2839 t
573 2808 591 2839 *
662 2807 773 2876 grauat
791 2807 894 2855 tantas
913 2787 1037 2856 audisse
1056 2787 1199 2876 querelas

356 2906 424 2971 «Et
444 2904 590 2971 nondum
609 2905 732 2972 miseris
750 2903 878 2993 aliquod
897 2902 1042 2972 tribuisse
1061 2904 1219 2971 leuamen.

355 3018 566 3099 «Quodnisi
584 3021 724 3108 peniteat
742 3019 868 3088 sceleris
887 3020 1068 3109 bellumque
1087 3019 1244 3108 relinquat

356 3135 474 3203 «Gens
491 3158 651 3224 peruersa,
669 3136 734 3204 luet
752 3137 880 3202 meritas
899 3158 956 3224 pro
977 3136 1108 3203 crimine
1127 3157 1226 3224 penas

357 3251 426 3319 «Et
443 3269 568 3318 nostras
587 3252 670 3318 uires
689 3275 761 3318 sero
779 3251 851 3318 licet
869 3253 1057 3339 experietur.

356 3368 454 3434 «Vos
472 3387 580 3435 autem
599 3368 708 3449 sotias,
727 3366 811 3434 facto
831 3355 940 3456 grege,
958 3367 1080 3455 iungite
1101 3365 1226 3442 dextras

356 3486 426 3552 «Et
443 3484 572 3552 firmam
590 3502 713 3552 seruate
732 3484 830 3551 fidem
849 3507 904 3573 per
923 3502 1035 3551 mutua
1054 3483 1164 3550 dantes

357 3600 550 3668 «Auxilium
569 3599 661 3668 uobis
680 3618 712 3668 et
729 3599 834 3689 pellite
854 3599 950 3667 corde
969 3601 1130 3666 timorem.

223 3721 308 3806 1480
357 3717 568 3785 «pollicitum
588 3734 671 3784 certe
691 3714 836 3783 dabimus
855 3732 928 3804 post
945 3735 1090 3804 tempore
1108 3736 1209 3802 paruo

356 3830 584 3913 «Subsidium,
602 3831 743 3898 donante
761 3831 834 3897 Deo
854 3832 906 3920 qui
927 3848 1040 3897 cuncta
1059 3828 1216 3917 gubernat
1229 3855 1259 3894 n.

353 3950 405 4016 Sic
424 3946 565 4038 placidus
585 3964 688 4014 rector
706 3948 841 4034 Ligures
859 3946 979 4014 solatur
997 3965 1028 4014 et
1047 3945 1106 4012 illis

353 4067 453 4154 Spem
471 4063 580 4132 tribuit
597 4063 734 4153 fortique
754 4081 867 4130 monet
884 4086 918 4129 se
938 4081 1046 4130 mente
1066 4062 1155 4128 tueri.

273 4269 341 4316 145⁴·
359 4256 414 4304 Cod.
429 4257 490 4321 uitsa
547 4257 611 4315 1457.
626 4257 666 4315 Et]
682 4256 739 4302 Cod.
754 4258 786 4300 At
843 4255 908 4310 1461.
923 4255 1014 4312 eontra]
1032 4255 1087 4300 Cod.
1102 4267 1129 4297 ce
1185 4253 1418 4310 1410ορ0100-

217 4350 279 4383 cnara
293 4337 333 4382 nel
341 4336 398 4382 Cod.
407 4349 453 4396 per
465 4338 488 4384 lo
497 4338 577 4396 :papio
590 4337 619 4381 di
631 4336 696 4381 circa
709 4337 793 4392 citaque
807 4335 903 4390 lenem
917 4336 991 4393 suppl.
1006 4334 1167 4391 nimiumque?

221 4511 297 4579 1462.
313 4510 357 4569 Cf.
372 4511 462 4568 Venta.
479 4513 544 4567 Aen.
560 4511 607 4576 Vl,
626 4511 683 4583 589.
869 4509 939 4563 della
950 4509 1043 4563 lettera
1052 4507 1193 4579 imperiale
1206 4509 1233 4560 in
1244 4506 1360 4561 011011.
1372 4505 1419 4560 Ge·

222 4596 297 4668 1467.
314 4595 357 4652 Cf.
368 4598 458 4652 VERG.
470 4596 560 4668 Georg.
574 4595 594 4662 l,
607 4594 668 4665 467,
678 4596 742 4650 Aen.
758 4593 806 4658 lV,
868 4604 904 4650 sla
920 4595 991 4650 frid.
1008 4596 1042 4661 Il,
1058 4596 1073 4665 ξ
1091 4611 1130 4661 50.

275 4682 333 4753 364.
837 4677 1058 4750 1471.Cs.Veno.
1068 4679 1122 4732 Ed.
1133 4678 1180 4746 IV,
1191 4693 1229 4744 10,
1245 4676 1335 4746 Georg.
1346 4675 1366 4740 1,
1378 4689 1419 4744 37.

223 4766 349 4836 1469-81.
361 4765 405 4821 Cf.
413 4779 512 4839 questo
524 4766 647 4820 discorso
657 4764 702 4818 col
713 4777 807 4818 tenore
838 4765 912 4832 1478.
927 4761 970 4817 Cf.
983 4763 1072 4816 Vens.
1084 4764 1147 4816 Aen.
1161 4761 1208 4827 IV,
1222 4775 1280 4828 552-
