3300 5796
794 520 1044 577 ANONIMO

458 771 527 839 Rex
547 789 655 838 tamen
675 771 850 860 insequitur
869 769 1052 839 fredericus
1070 788 1103 838 et
1120 767 1245 837 obsidet
1263 791 1360 852 arces,

458 888 572 954 Donec
592 884 762 975 desperans
782 887 846 956 dux
865 909 960 977 posse
978 887 1121 955 resistere
1140 885 1217 973 regi,

457 1002 499 1070 Se
518 1000 612 1069 tradit
630 1003 823 1093 ueniamque
840 1004 920 1092 petit
937 1003 1108 1091 recipitque
1127 1002 1258 1089 petitam

456 1118 633 1186 Primatum
652 1117 807 1207 precibus,
828 1120 909 1186 iurat
926 1140 1055 1207 quoque
1074 1118 1160 1206 regia
1178 1116 1262 1183 iussa

457 1232 499 1300 Se
519 1252 718 1301 servaturum
738 1233 835 1322 digne
855 1233 989 1324 bellique
1008 1231 1151 1302 futurum
1425 1232 1493 1294 1610

457 1346 557 1415 Italici
576 1350 740 1430 comitem,
759 1372 824 1438 quo
844 1349 946 1418 Gallia
965 1369 1032 1418 tota
1050 1347 1211 1417 fremebat

458 1463 547 1531 Tum
567 1462 664 1533 decus
682 1465 807 1554 imperii
826 1466 964 1535 Romani
983 1488 1039 1534 rex
1058 1463 1242 1533 Fredericus

457 1578 554 1645 Hunc
573 1602 698 1647 seruare
716 1580 804 1648 iubet
823 1604 950 1671 semper
967 1604 1032 1671 quo
1052 1581 1164 1650 uixerit
1182 1602 1291 1668 usque,

456 1695 601 1785 Paceque
621 1699 811 1786 composita,
830 1699 933 1767 uictor
951 1697 1031 1767 redit
1049 1717 1142 1787 atque
1161 1695 1343 1784 triumphat.

523 1812 647 1880 Interea
666 1811 746 1882 duro
765 1838 846 1903 gens
867 1813 1050 1882 Mediolana
1068 1815 1197 1903 Papiam
1428 1812 1495 1891 1615

455 1928 657 2018 Persequitur
674 1929 758 2012 bello
778 1953 837 1998 nec
855 1931 943 2019 regia
962 1932 1054 2020 signa
1070 1947 1205 2011 ueretur,

456 2041 533 2124 Que
552 2067 610 2133 pro
629 2046 726 2113 tutela
746 2047 868 2114 miseris
886 2070 942 2115 rex
962 2046 1084 2115 ciuibus
1103 2064 1176 2113 ante

456 2159 586 2226 Miserat
605 2161 768 2249 egregius3
789 2185 847 2230 nec
866 2162 981 2249 ipsum,
1001 2181 1037 2230 ut
1055 2160 1140 2228 lama
1158 2157 1286 2242 ferebat,

456 2274 566 2344 Credit
584 2296 756 2346 uenturum
774 2278 932 2367 populum
951 2277 1074 2346 frenare
1094 2274 1265 2366 superbum
1271 2298 1281 2356 ;

455 2390 525 2456 Nec
544 2409 633 2478 putat
652 2415 721 2459 esse
741 2391 857 2461 ducem
875 2394 930 2481 qui
949 2416 1065 2482 cogere
1085 2391 1305 2461 Mediolanum
1430 2390 1503 2453 1620

456 2505 558 2572 Marte
576 2526 683 2594 queat,
701 2509 780 2574 tanti
800 2507 858 2575 sibi
876 2532 957 2598 gens
976 2531 1149 2576 numerosa
1167 2505 1300 2575 uidetur.

456 2621 541 2709 Ergo
561 2619 635 2690 furit
653 2623 755 2689 nimio
775 2623 892 2691 mentis
912 2644 1019 2692 cecata
1037 2623 1155 2705 furore,

454 2736 500 2802 Vt
518 2735 633 2805 chorus
653 2737 691 2805 ad
712 2738 826 2805 Bacchi
845 2761 1017 2828 properans
1036 2739 1191 2806 trieterica
1211 2755 1361 2816 matrum,

456 2848 547 2929 Quas
567 2874 626 2919 nec
645 2871 794 2921 natorum
814 2854 943 2922 retrahit
961 2877 1020 2922 nec
1039 2877 1116 2922 cura
1135 2854 1287 2922 uirorum.

455 2965 604 3034 Castrum
624 2987 690 3036 erat
708 2970 862 3036 eximium
881 2969 1101 3059 pulcrumque,
1114 2966 1259 3056 Vigebile
1278 2965 1408 3047 dictum,
1433 2968 1504 3048 1625

454 3080 604 3150 Menibus
624 3102 655 3151 et
674 3083 758 3152 uallo
777 3085 939 3153 munitum
958 3084 1134 3174 opibusque
1153 3082 1314 3165 refertum,

455 3195 556 3276 Quod
574 3199 711 3287 populus
730 3200 817 3289 uigili
837 3200 984 3268 seruabat
1002 3220 1110 3269 mente
1130 3201 1248 3266 Ticini.

455 3310 584 3401 Quippe
604 3313 769 3382 Ticinensi
788 3315 893 3383 solum
914 3315 1050 3385 restabat
1068 3318 1100 3383 in
1120 3316 1210 3398 hora,

453 3426 598 3496 Pluribus
617 3432 746 3513 euersis,
765 3455 827 3521 que
848 3456 928 3521 gens
947 3451 1150 3522 superauerat
1169 3450 1258 3499 atrox

454 3541 703 3612 Mediolanensis
723 3545 879 3616 bellorum
898 3549 1034 3616 exercita
1053 3548 1144 3616 curis.
1430 3548 1510 3630 1630

453 3657 526 3724 Huc
544 3680 673 3747 quoque
694 3661 756 3728 iam
776 3664 881 3730 uarios
901 3665 1011 3731 Martis
1030 3662 1190 3731 stimulata
1208 3663 1313 3729 lurore

453 3774 583 3842 Fecerat
602 3775 757 3859 incursus,
775 3796 824 3845 set
842 3799 908 3847 erat
927 3779 975 3847 bis
994 3800 1104 3868 terque
1123 3777 1256 3867 repulsa.

375 3974 437 4030 1614.
452 3973 497 4019 Ne!
510 3976 621 4031 margine
634 3976 659 4020 ln
673 3982 789 4023 careum
803 3990 879 4034 rosto,
894 3993 932 4024 no.
955 3982 998 4025 che
1012 3981 1192 4026 wtlientemente
1205 3981 1278 4025 devea
1291 3989 1356 4024 esser
1370 3977 1469 4034 τιμίω
1481 3977 1513 4021 da

320 4065 367 4097 utta
379 4052 484 4110 postilla
499 4064 538 4096 ma
550 4053 595 4110 pol
606 4063 652 4096 non
666 4053 731 4110 t’lsu
745 4057 827 4100 scritto
841 4058 911 4104 altro.
1001 4056 1059 4103 1623.
1076 4057 1132 4102 (Μ.
1150 4055 1214 4102 bachi
1227 4068 1240 4100 e
1253 4052 1371 4111 trieterita;
1385 4064 1447 4097 corr.
1463 4051 1514 4097 trie·

319 4132 389 4179 teride
397 4136 410 4178 P

322 4308 396 4379 1609.
415 4312 558 4368 Primatum
572 4315 698 4385 precibus]
726 4334 784 4369 «....
791 4316 902 4385 pedibus
933 4313 1007 4385 1623.
1022 4315 1111 4371 Vsus.
1128 4320 1192 4371 Aen.
1206 4314 1254 4381 IV,
1272 4330 1335 4383 3⁰23
1349 4313 1434 4367 Srnt.
1450 4312 1514 4366 Acb.

355 4394 549 4463 «imperatoris
568 4396 732 4466 pervolutus,
751 4399 901 4453 interventu
966 4398 986 4465 Ι,
1004 4415 1068 4471 5953
1088 4401 1163 4456 Theb.
1179 4400 1225 4466 IX,
1240 4400 1301 4466 480.

355 4478 530 4548 «principum
551 4479 604 4533 hoc
626 4491 720 4534 tenore
740 4484 767 4534 ln
786 4485 901 4552 gratiam
933 4482 1007 4552 1625.
1023 4485 1142 4556 Vigebile]
1158 4486 1309 4558 Vigevano.
1347 4481 1422 4538 Sulla
1435 4498 1513 4554 presa

354 4581 368 4609 ι(
380 4574 501 4632 receptus
527 4576 593 4618 est...
601 4583 615 4612 u
642 4565 759 4619 Rausw.
780 4564 834 4622 loc.
857 4570 900 4622 cit.
964 4569 989 4621 di
998 4585 1060 4622 esso
1071 4568 1104 4624 cs.
1113 4570 1229 4624 Ortona.
1240 4568 1313 4623 Gesta
1319 4567 1389 4623 Frid.
1400 4567 1434 4634 ΙΙ,
1446 4566 1461 4638 S
1471 4582 1511 4634 513

354 4644 368 4714 S
387 4660 409 4711 5.
965 4654 1059 4707 Annul.
1076 4655 1175 4709 Mediol.
1190 4658 1251 4709 min.
1267 4671 1332 4727 3953
1349 4670 1364 4708 e
1379 4669 1427 4725 per
1439 4669 1514 4723 mag·

322 4723 396 4784 1616.
413 4727 455 4782 ef.
471 4748 496 4782 v.
514 4731 561 4799 585
579 4747 594 4783 e
608 4747 684 4801 segg.
964 4734 1035 4805 glori
1047 4738 1202 4807 particolati
1211 4738 1268 4792 Lib.
1280 4740 1342 4792 trist.
1354 4744 1377 4791 ct
1389 4735 1437 4791 dol.
1448 4733 1513 4806 3643

320 4811 393 4866 1622.
408 4812 452 4870 (ΣΙ.
465 4814 554 4869 Vere.
567 4817 631 4870 Αιη.
645 4814 678 4881 ΙΙ,
694 4831 753 4883 244.
965 4819 1002 4875 Ο.
1019 4821 1153 4892 Monens,
1163 4824 1204 4877 Da
1214 4825 1264 4878 rab.
1279 4822 1360 4878 laud.
1372 4822 1431 4893 598.
