3436 5754
236 358 278 425 80
702 375 953 436 ANONIMO

367 620 463 689 Haud
481 644 572 691 mora
590 644 645 711 per
663 622 786 693 medios
805 644 973 710 procerum
992 644 1063 710 pars
1082 622 1222 689 maxima
1239 620 1355 690 fluctus

366 737 478 804 Fertur
493 756 523 804 et
542 737 725 805 inmensum
743 754 869 825 superat
887 736 941 803 uix
959 734 1068 805 nando
1086 734 1292 824 profundum.

50 886 127 933 Hm,
135 887 213 945 mu,
368 851 443 916 Pars
462 851 578 939 rapitur
597 851 752 920 uiolenter
771 850 870 939 aquis,
889 873 943 916 rex
962 851 1029 937 ipse
1046 848 1181 938 pedestri

37 942 234 1053 uesiissiiaiipiity
367 967 503 1035 Pontem
523 986 624 1037 marte
642 969 724 1055 capit
742 967 832 1035 claris
851 986 1040 1055 conspectus
1059 968 1091 1033 in
1111 966 1206 1033 armis
1335 987 1426 1054 2105

88 1086 108 1120 ⁰·
123 1074 177 1133 ⁹⁶⁰
370 1082 409 1148 Er
428 1082 498 1151 ferit
516 1083 678 1151 obstantes
696 1082 818 1151 nudato
837 1084 984 1151 cominus
1003 1106 1089 1150 ense.

370 1200 413 1267 Vt
431 1196 507 1281 fera,
526 1218 701 1269 uenantum
721 1222 817 1289 quam
836 1199 926 1268 turba
945 1217 1052 1268 tenere
1071 1199 1201 1281 laborat,

370 1314 456 1381 Cum
476 1314 561 1382 uidet
580 1333 717 1403 angusto
736 1337 771 1383 se
789 1314 891 1383 claudi
911 1314 1020 1397 limite,
1041 1316 1122 1382 uires

369 1431 475 1499 Exerit
494 1450 525 1499 et
544 1430 625 1500 duro
643 1431 799 1501 uenabula
818 1450 945 1519 pectore
965 1430 1080 1519 frangit

370 1546 571 1636 Dilaniatque
590 1547 694 1628 uiros3
713 1549 757 1614 sic
777 1570 832 1617 rex
851 1548 1008 1615 animatus
1027 1548 1059 1613 in
1079 1545 1188 1614 hostes
1338 1567 1429 1614 2110

370 1662 473 1730 irruit.
519 1663 658 1732 aduersis
678 1680 788 1731 contra
807 1686 887 1751 gens
907 1661 1001 1730 effera
1018 1662 1088 1729 telis

369 1779 488 1848 Nititur
507 1778 616 1848 audaci
635 1777 778 1866 gaudens
797 1778 871 1847 dare
890 1778 1021 1849 uulnera
1040 1778 1159 1860 dextra,

369 1893 408 1960 Et
427 1893 499 1965 licet
517 1892 713 1963 horrendum
733 1893 895 1965 metuendi
914 1894 1063 1982 principis
1082 1917 1192 1963 ensem

369 2012 518 2099 Aspiciat‚
537 2033 680 2099 pugnare
698 2029 806 2079 tamen
824 2030 1021 2099 pontemque
1040 2012 1120 2079 tueri

369 2122 491 2192 Perstat
510 2142 610 2204 atrox,
630 2121 734 2190 donec
752 2145 898 2211 proceres
916 2141 989 2211 post
1007 2140 1095 2211 terga
1113 2121 1284 2189 frementes
1338 2143 1377 2189 21
1389 2144 1399 2188 r
1408 2146 1424 2209 ς

370 2237 468 2305 Audit
487 2256 700 2324 transgressos
719 2238 853 2325 inopino
868 2236 967 2303 limite
986 2234 1117 2305 flumen.

371 2353 441 2421 Hos
461 2353 513 2421 ubi
533 2354 709 2439 conspexit,
728 2354 830 2421 nimio
849 2351 991 2441 perculsa
1010 2354 1124 2420 timore

371 2469 472 2536 Vertit
491 2487 580 2555 terga
599 2466 670 2534 duci
689 2465 853 2557 fluuioque
867 2469 1046 2556 inmergere
1064 2485 1199 2556 pontem

369 2580 449 2646 Sero
468 2581 554 2668 cupit
560 2605 570 2662 ;
589 2601 645 2646 rex
662 2581 778 2669 quippe
797 2578 887 2647 ferox
905 2601 973 2647 non
992 2580 1131 2666 segniter
1149 2598 1262 2667 urguet

370 2695 549 2784 Hostilique
569 2714 655 2767 tenet
673 2715 806 2785 pontem
825 2697 967 2765 stacione
986 2696 1118 2785 repulsa.
1338 2715 1425 2762 2120

370 2811 526 2882 Sternitur
544 2810 652 2879 infelix
671 2813 765 2893 acies,
783 2811 877 2901 paulo
896 2831 969 2879 ante
988 2810 1121 2899 superba

372 2928 482 2994 Mente
500 2927 618 3010 furens,
638 2927 810 3016 spoliisque
828 2925 911 3016 fugit
927 2929 1051 2996 turbata
1069 2927 1192 2995 relictis.

370 3043 489 3130 Regius
508 3043 693 3132 insequitur,
711 3062 859 3131 superato
878 3043 1016 3131 gurgite,
1034 3042 1115 3111 letus

371 3159 464 3227 Miles
483 3162 564 3228 etin
584 3160 739 3250 populum
758 3162 860 3231 uictor
878 3160 999 3229 deseuit
1018 3179 1186 3248 agrestem.

370 3275 457 3342 Nam
478 3272 568 3341 multi
587 3275 708 3341 cunctis
724 3272 848 3364 spoliati
866 3273 959 3340 rebus
978 3292 1009 3340 et
1029 3274 1123 3339 armis
1340 3293 1424 3359 2125

371 3386 541 3453 Ducuntur
560 3387 651 3475 capti,
671 3385 818 3454 manibus
837 3405 909 3474 post
927 3405 1016 3472 terga
1034 3384 1147 3473 ligatis,

371 3498 410 3567 Et
428 3523 582 3588 pecorum
600 3501 704 3589 precio
724 3499 906 3568 uenduntur
924 3522 1014 3566 more
1033 3518 1176 3588 recepto;

292 3732 360 3775 2124.
377 3719 433 3767 cod.
447 3726 568 3777 sermnem

241 3913 317 3967 ²¹0³·
337 3898 497 3953 «Numerus
507 3914 603 3952 eorum
614 3912 822 3968 quostquamm
880 3910 950 3948 tono
962 3910 1014 3948 con
1030 3892 1049 3947 il
1063 3892 1122 3948 loro
1133 3893 1238 3963 seguito
1252 3891 1277 3945 al
1287 3891 1378 3963 guado
1388 3893 1430 3947 del

277 3983 473 4039 «vehementia
503 3981 624 4047 involvit,
657 3978 822 4035 involvendo
880 3975 1291 4043 fiume3ef.V1u‹:.Pnno.loc.
1308 3979 1351 4030 cit.

276 4068 451 4133 «submersit,
483 4069 586 4123 circiter
616 4065 651 4121 60
681 4062 824 4119 extimaba-
846 4079 923 4133 2105.
942 4063 1104 4119 «Dominus
1128 4079 1174 4116 rex
1193 4062 1350 4117 fredericus
1368 4080 1431 4117 cum

276 4162 378 4207 «tur».
399 4152 464 4207 Cosl
475 4151 642 4215 Ruunwnm,
651 4148 706 4204 loc.
718 4151 760 4203 cit.
770 4165 822 4203 ove
882 4149 1026 4203 «exercitu
1045 4163 1095 4201 suo
1117 4149 1234 4218 passavit
1253 4147 1379 4202 Abduam
1405 4149 1431 4200 in

276 4253 311 4290 un
331 4253 380 4289 ms.
400 4238 495 4290 invece
517 4234 543 4289 di
562 4233 598 4291 60
620 4235 681 4290 dice
700 4234 824 4288 «duccn-
882 4231 1050 4289 «festivitate
1077 4231 1148 4287 beati
1171 4232 1267 4303 Jacobi
1293 4245 1318 4286 et
1346 4233 1431 4287 sancti

276 4330 344 4375 «tos
355 4338 385 4386 »3
404 4319 421 4373 il
441 4320 497 4377 Lib.
517 4320 578 4375 trist.
600 4326 622 4373 et
641 4319 690 4373 dol.
709 4317 823 4389 «plures
883 4338 897 4369 α
908 4316 1125 4387 Christophori7
1139 4316 1200 4370 Kal.
1209 4317 1327 4385 Augusti
1337 4335 1361 4368 u.
1377 4318 1431 4370 An-

277 4426 292 4456 «
302 4405 410 4460 ducenti
421 4425 445 4458 u.
881 4400 932 4455 nal.
952 4399 1052 4455 Mediol.
1066 4400 1158 4464 metro,
1176 4413 1234 4469 390.

242 4504 318 4556 2¹04·
343 4507 387 4544 rex
413 4489 472 4561 ipse]
501 4488 629 4544 Secondo
657 4488 825 4552 Ruunwruo,
848 4498 977 4553 2107·12.
991 4482 1034 4539 Cf.
1048 4483 1136 4539 Vuno.
1151 4485 1215 4539 Am.
1231 4482 1277 4547 lx,
1293 4482 1385 4551 55.1-8.

277 4588 333 4625 non
352 4571 481 4627 Federico
496 4588 541 4625 ma
557 4569 575 4623 il
590 4588 619 4625 re
634 4570 660 4623 di
676 4570 790 4624 Boemia
809 4587 824 4622 e
847 4584 924 4624 2121.
939 4567 983 4623 Cf.
1000 4570 1088 4623 Vetto.
1105 4570 1169 4624 Aen.
1183 4568 1218 4629 X,
1237 4582 1297 4638 730.

278 4655 401 4711 Corrcdo
415 4655 483 4711 duca
502 4655 529 4711 di
547 4653 687 4709 Dalmatia
702 4655 724 4709 si
742 4664 825 4725 gette-
848 4651 922 4707 2126.
939 4652 984 4709 Ci.
1000 4653 1086 4709 Ovio.
1102 4654 1192 4708 Amor.
1207 4653 1228 4718 1,
1242 4668 1259 4716 r,
1274 4667 1314 4722 31.
