3300 5796
575 485 701 543 GESTA
728 486 767 541 DI
795 485 983 542 FEDERICO
1013 487 1033 540 Ι.

339 737 552 825 Romanoque
571 734 643 803 duci
662 737 802 825 queritur
819 759 877 825 pro
897 755 992 825 gente
1012 736 1139 819 Ticini;

340 853 464 920 Doctus
483 871 515 920 et
531 851 676 920 Albricus
695 854 820 920 iuuenis
839 875 896 942 pro
916 851 1025 920 Laude
1043 851 1186 941 querelas

339 969 459 1050 Portat,
479 986 511 1035 et
527 968 724 1036 immensum
744 966 924 1036 manifestat
943 991 1024 1037 uoce
1043 968 1191 1036 dolorem

206 1104 289 1170 1405
338 1081 449 1150 Presul
467 1101 499 1150 et
516 1081 644 1150 Ardicio
665 1082 842 1166 Cumanus,
861 1085 910 1152 uir
928 1083 1133 1165 reuerendus,-

340 1197 515 1268 Nobilitate
533 1217 657 1287 potem,
677 1200 775 1266 animi
794 1200 908 1267 uirtute
928 1198 1092 1282 colendus,

341 1316 433 1382 More
452 1337 512 1383 suo
530 1337 721 1403 properans3
741 1337 798 1404 pro
817 1339 851 1383 se
871 1316 1052 1404 populoque
1072 1333 1225 1403 precatur,

341 1433 390 1513 Et,
410 1433 530 1520 priore
549 1432 681 1512 cunctis,
700 1429 837 1498 lacrimis
856 1432 898 1499 ita
916 1430 998 1499 fatur
1017 1430 1154 1498 obortis:

346 1573 361 1610 n
375 1548 443 1617 Rex
462 1547 590 1628 inuicte,
609 1545 665 1614 tibi
684 1547 817 1613 memini
837 1569 890 1613 me
908 1568 983 1634 sepe
1001 1545 1143 1634 querelas

346 1688 362 1724 α
375 1663 437 1729 Pro
456 1661 577 1751 populo
596 1661 738 1729 retulisse
756 1685 841 1743 me0‚
861 1684 958 1751 quem
977 1660 1152 1729 Mediolani

347 1803 362 1840 a
375 1777 463 1844 Gens
481 1800 628 1865 peruersa
647 1779 736 1867 graui
755 1776 877 1846 dudum
897 1776 1017 1845 ditione
1037 1777 1210 1867 premebat,

347 1920 362 1957 a
374 1894 444 1962 Nec
463 1895 605 1982 proprias
624 1893 763 1961 habitare
782 1894 898 1962 domos
917 1892 1091 1983 urbemque
1111 1892 1244 1961 sinebat.

346 2009 487 2098 «Cogor
504 2010 591 2077 idem
611 2011 756 2098 grauiora
774 2011 880 2098 queri:
904 2033 980 2077 nam
999 2011 1094 2077 noxia
1114 2009 1221 2098 plebes

347 2151 362 2188 a
376 2125 634 2208 MediolanensiS,
654 2149 713 2194 uos
731 2145 900 2215 tempnens
919 2146 1086 2217 uestraque
1105 2127 1199 2208 iussa,

347 2240 463 2309 «Cum
482 2243 595 2309 uestris
614 2265 716 2331 nuper
733 2240 843 2330 legatis
862 2241 958 2310 uerba
976 2240 1123 2324 dedisset,

347 2357 456 2423 «Mox
474 2356 545 2424 loca
563 2379 747 2445 percurrens
765 2356 844 2424 laxis
862 2356 979 2424 inuasit
996 2355 1138 2438 habenis,

348 2497 363 2534 a
376 2469 459 2539 Urbs
478 2471 532 2539 ubi
551 2489 658 2538 nostra
677 2470 745 2552 fuit,
762 2494 858 2559 quam
877 2470 1041 2561 quondam
1061 2491 1216 2540 euerterat
1234 2473 1311 2560 ipsa.

288 2586 297 2602 ‘
348 2587 416 2654 «Et
437 2585 540 2675 siquid
559 2585 671 2674 reliqui
689 2585 790 2654 fuerat
809 2604 1014 2674 ueteremque
1027 2588 1157 2654 ruinam

347 2699 469 2768 «Olim
488 2702 610 2783 uitarat,
632 2720 736 2769 totum
755 2700 909 2770 subuertit
926 2722 957 2770 et
975 2699 1076 2770 aufert

348 2816 566 2905 «Cunctaque
584 2840 645 2905 que
664 2818 778 2905 reperit
796 2815 879 2884 ferro
898 2816 1066 2905 populatur
1084 2835 1115 2884 et
1133 2817 1212 2904 igni.

348 2931 514 3021 «Templa
533 2935 628 3000 etiam
647 2933 781 3000 Domini
802 2932 920 3001 multos
939 2950 1062 3000 seruata
1080 2955 1136 3021 per
1155 2952 1257 2999 annos

347 3048 526 3137 «Dissipat,
545 3066 576 3115 et
594 3047 708 3136 spoliat
726 3047 844 3116 clerum
865 3050 979 3137 pariter
996 3047 1224 3137 populumque,

349 3161 442 3243 «Nil,
462 3181 565 3251 preter
583 3163 692 3244 uitam,
712 3164 802 3230 uictis
823 3164 983 3252 captisque
1004 3162 1193 3252 relinquens,

346 3279 504 3367 «Meque,
525 3277 624 3345 domo
643 3301 763 3360 euersa,
783 3278 872 3366 fugat
890 3279 1126 3367 insequiturque
1146 3274 1309 3344 minando.

213 3413 296 3480 1425
350 3390 480 3473 «Quod
500 3412 531 3461 te
550 3416 605 3482 per
623 3416 732 3481 regem
752 3393 877 3461 celestia
897 3416 995 3481 regna
1013 3412 1188 3482 regentem,
1219 3400 1226 3425 ·'

350 3509 440 3575 «Per
458 3506 554 3577 decus
573 3509 696 3597 imperii
714 3531 835 3597 precor,
856 3509 1063 3577 inuictissime
1082 3528 1195 3589 rector,

268 3776 331 3832 1408.
346 3775 402 3823 Cod.
417 3776 503 3822 abortia

216 4033 292 4088 1403.
302 4018 434 4089 Albricus]
444 4018 556 4074 Albrico
567 4017 720 4073 oAlberico
731 4018 799 4072 Mer·
861 4017 994 4082 Vrounrr,
1005 4017 1071 4072 Slor.
1086 4016 1149 4070 della
1164 4017 1216 4087 lega
1226 4019 1315 4073 Lomb.
1330 4035 1356 4090 p.
1367 4034 1409 4089 27,

248 4103 316 4168 lino,
328 4103 380 4158 che
392 4101 420 4157 fu
432 4105 478 4176 poi
491 4121 612 4158 vescovo
628 4104 653 4157 di
670 4102 738 4157 Lodi
755 4101 797 4155 dal
863 4103 880 4156 il
900 4103 980 4174 quale
1000 4102 1087 4156 anche
1105 4101 1211 4155 ricorda
1236 4120 1272 4156 un
1291 4103 1409 4175 diploma

252 4187 320 4256 1158
335 4187 361 4242 al
379 4187 454 4243 1168.
862 4190 895 4242 da
911 4188 949 4242 lui
968 4200 1092 4242 ottenuto
1107 4205 1123 4240 a
1141 4185 1233 4242 favore
1253 4188 1296 4242 dei
1312 4189 1414 4243 Coma·

217 4289 293 4341 1405.
311 4272 434 4344 Ardicio]
453 4273 613 4339 Ardizzone,
634 4289 755 4328 vescovo
773 4272 800 4325 di
863 4271 920 4326 schi
928 4270 1051 4342 inquella
1059 4271 1212 4325 occasione.
1230 4270 1282 4324 Tal
1291 4271 1411 4342 diploma

251 4359 344 4415 Coruo
360 4358 405 4413 dal
422 4373 486 4426 ¹125
502 4358 528 4412 al
548 4359 621 4425 1158.
863 4356 910 4428 (da
925 4357 1084 4427 Bamberga,
1105 4371 1134 4425 23
1154 4357 1237 4428 aprile
1256 4359 1344 4426 1553),
1363 4361 1412 4413 ea

218 4445 294 4510 1408.
309 4442 398 4498 Verte.
415 4444 479 4498 Aen.
491 4442 538 4507 XI,
554 4458 597 4508 41.
863 4455 969 4512 stampa
983 4441 1027 4495 nel
1047 4441 1149 4507 ΤΑττι,
1164 4443 1261 4496 Annali
1278 4442 1304 4496 di
1324 4444 1412 4508 Come,

219 4542 294 4598 1409.
313 4527 361 4582 rili
378 4528 483 4581 memini
500 4543 538 4579 mc
556 4534 609 4597 sepe
626 4525 686 4594 δια]
711 4524 733 4578 ΙΙ
758 4542 802 4578 ve·
865 4524 899 4590 ΙΙ,
913 4525 971 4592 870.

250 4628 337 4667 πονο
353 4610 504 4665 Ardizzone
518 4626 563 4665 era
581 4621 652 4663 stato
671 4611 716 4680 gia
735 4609 801 4663 altra
832 4622 908 4675 1411.
922 4609 1010 4662 Vuae.
1027 4610 1091 4665 Aen.
1106 4608 1167 4674 Vll,
1180 4623 1240 4678 737.

250 4695 414 4751 voltacome
425 4695 515 4766 legato
525 4692 597 4749 della
607 4694 802 4749 cittadiComo
833 4708 907 4758 1421.
921 4689 964 4745 Cs.
980 4690 1068 4747 Vetto.
1085 4694 1148 4746 Aen.
1164 4692 1198 4760 ll,
1216 4690 1274 4762 3⁶3·

250 4796 347 4851 presso
366 4778 567 4849 l’imperatore;
590 4777 624 4833 cf.
649 4779 668 4833 il
689 4795 715 4832 v.
735 4779 766 4847 83
788 4795 803 4831 e
834 4775 953 4844 1424·26.
969 4775 1012 4832 Cs.
1025 4775 1115 4832 Vuae.
1131 4780 1195 4833 Aen.
1211 4777 1259 4843 VI,
1275 4776 1367 4849 363-5.
