3300 5796
583 498 707 555 GESTA
734 498 773 552 DI
800 498 988 554 FEDERICO
1017 498 1038 554 Ι.

338 749 489 835 Jusserat.
535 747 598 814 heu
617 747 748 815 stultam
765 744 843 813 fallit
858 745 972 813 fiducia
990 748 1152 815 mentem!

214 868 299 934 2080
344 866 494 952 Namque
513 886 617 931 carere
635 862 719 930 uado
738 861 864 932 niuibus
883 880 959 931 tunc
978 880 1069 930 aucta
1085 863 1196 930 solutis

344 980 439 1049 Vnda
458 978 634 1061 uidebatur,
652 1003 711 1046 nec
730 1001 924 1068 quemquam
944 978 1058 1047 audere
1078 978 1206 1068 putabat

344 1097 434 1165 Vltra
452 1095 532 1164 ferre
550 1095 686 1185 gradum
707 1119 780 1164 cum
796 1096 929 1184 gurgitis
949 1095 1057 1163 alueus
1076 1114 1158 1163 esset

343 1212 460 1281 Plenus
480 1230 511 1280 et
529 1213 679 1280 inmenso
698 1229 893 1300 premeretur
911 1233 1006 1277 arena
1024 1209 1196 1299 profundo

345 1327 453 1396 Currit
471 1325 563 1395 turba
582 1327 691 1394 minax
710 1349 771 1415 qua
789 1327 907 1394 Vauire
926 1349 1050 1416 quaque
1070 1327 1270 1415 Cropeilum,

343 1442 528 1532 Audacique
548 1441 662 1511 ducem
682 1441 884 1509 Fredericum
902 1463 983 1510 uoce
1002 1442 1141 1511 lacessit:
1175 1453 1178 1460 ’

349 1559 463 1627 «Non
483 1556 575 1626 datur
593 1557 651 1623 hac
670 1557 802 1624 transire
821 1555 888 1639 tibi,
906 1580 961 1624 rex
981 1556 1068 1639 raffe,
1087 1555 1202 1626 furoris

349 1699 366 1735 (ι
385 1672 559 1740 Teutonici
577 1670 704 1753 ductor;
726 1693 853 1739 cursum
872 1690 994 1738 mutare
1013 1696 1142 1740 necesse
1161 1691 1219 1755 est,

347 1787 460 1855 «Non
480 1787 555 1853 sinit
574 1803 719 1852 externas
739 1784 801 1852 huc
820 1808 966 1873 gressum
986 1784 1065 1853 ferre
1085 1805 1226 1854 cateruas

348 1928 364 1964 <r
383 1899 487 1983 Adua,
506 1903 559 1990 qui
578 1901 710 1989 patriam
730 1899 870 1967 defendit
889 1899 927 1967 ab
947 1902 1038 1968 hoste
1058 1920 1220 1970 sacratam.

347 2043 363 2081 u
383 2017 398 2083 I
416 2015 526 2105 procul
545 2016 632 2098 hinc,
649 2034 820 2104 tecumque
840 2016 920 2081 acies
940 2034 1046 2082 auerte
1065 2039 1202 2104 rapaces,

348 2158 364 2196 «
383 2132 398 2198 I
418 2131 528 2221 procul
547 2149 578 2198 et
597 2149 721 2199 nostras
741 2153 807 2197 non
823 2129 1007 2218 ingrediaris
1025 2133 1057 2198 in
1077 2132 1185 2214 horas3

347 2273 364 2310 «
381 2248 460 2316 Non
480 2247 547 2313 sine
566 2265 669 2313 morte
687 2265 741 2313 tua
760 2245 861 2312 nostri
881 2245 1042 2312 damnoue
1062 2248 1181 2314 cruoris

348 2388 364 2426 α
384 2361 633 2430 Mediolanensis
652 2363 750 2450 patrie
770 2359 902 2428 uiolabis
922 2360 1080 2429 honorem
1100 2389 1131 2428 ».

344 2477 437 2545 Talia
456 2478 634 2546 uociferans
654 2497 686 2545 et
705 2476 808 2545 adhuc
826 2479 985 2566 grauiora,
1003 2479 1125 2548 rebellis

212 2614 296 2679 2095
345 2593 456 2661 Turba
474 2592 548 2661 furit
566 2593 656 2661 fluuii
676 2592 806 2660 collecta
825 2592 984 2682 crepidine
1003 2596 1069 2684 ripe

344 2709 384 2775 Et
403 2709 521 2776 iaciens
540 2706 638 2775 funda
657 2706 776 2797 lapides
793 2730 929 2796 arcuque
947 2710 1076 2796 sagittas

346 2822 459 2887 Amnis
480 2820 518 2887 ab
538 2844 665 2888 accessu
685 2838 819 2910 temptat
839 2840 943 2889 cecata
961 2821 1068 2892 furore

347 2934 481 3023 Regaies
502 2958 606 3002 arcere
626 2936 717 3002 acies.
763 2954 832 3003 tum
853 2934 966 3003 ductor
985 2939 1016 3004 in
1036 2939 1115 3005 iram

343 3051 515 3131 Accensus,
535 3072 680 3138 proceres
699 3049 842 3118 hortatur
861 3068 892 3117 et
911 3074 998 3118 arma
1016 3055 1115 3140 parari

211 3181 299 3229 2100
345 3163 494 3251 Imperat,
513 3181 547 3230 ut
566 3187 693 3231 summa
711 3163 872 3232 tumidum
891 3165 923 3232 ui
939 3183 1078 3234 transeat
1097 3190 1224 3235 amnem
1323 3201 1325 3203 ·

345 3277 384 3344 Et
403 3276 461 3343 sibi
482 3278 655 3345 uindictam
675 3297 780 3346 sumat
799 3279 953 3368 degente
973 3281 1118 3370 superba.

264 3453 332 3499 2086.
347 3453 412 3512 ruffe]
426 3455 475 3497 cosi
490 3455 509 3497 t'l
523 3454 579 3499 Cod.
600 3455 648 3499 Vat.
664 3460 753 3499 mentre
767 3456 786 3499 il
802 3456 954 3513 Triuulrt'ano
968 3459 1101 3503 rostitur'sce
1114 3459 1179 3505 triste

246 3611 260 3640 «
274 3591 473 3656 tibus,omnino
483 3593 672 3645 transvadandi
684 3604 795 3662 oportu-

246 3694 260 3724 α
271 3676 383 3728 nitatem
395 3677 522 3728 exercitui
536 3675 671 3745 denegare
686 3676 794 3729 videba-

246 3771 320 3812 «tur.
358 3760 479 3813 Aderant
494 3776 602 3831 quoque
621 3762 649 3813 in
668 3758 794 3814 ulteriore

246 3841 389 3895 «fluminis
408 3845 465 3912 ripa
484 3844 677 3913 pugnacissimi
692 3844 724 3897 de
740 3843 796 3897 Me-

246 3925 472 3980 «diolanensibus
487 3928 591 3981 circiter
607 3927 680 3980 mille
692 3930 794 3998 equites

246 4013 373 4076 «armati,
393 4013 439 4081 qui
458 4029 487 4065 se
507 4029 559 4082 ope
579 4024 604 4064 et
628 4012 793 4066 adminiculo

246 4096 423 4149 «inundantis
455 4096 573 4150 fluminis
603 4095 682 4151 facile
708 4098 794 4151 vados

246 4199 260 4229 α
268 4188 399 4252 pontesque
414 4179 558 4235 defendere
577 4198 657 4252 posse
676 4182 793 4236 arbitrati

196 4276 199 4282 ·
245 4286 259 4315 u
269 4278 332 4319 sunt
341 4287 365 4318 u.
403 4265 424 4320 ΙΙ
435 4266 490 4320 Lib.
505 4268 565 4320 trist.
579 4274 602 4320 et
613 4267 659 4321 dol.
671 4270 716 4336 poi
727 4269 794 4321 d'ac-

244 4348 327 4401 cordo
346 4365 398 4401 con
417 4347 455 4418 gli
469 4350 560 4403 Annei.
576 4350 710 4404 Mediolon.
733 4353 793 4404 min.

853 3594 983 3664 impedito
997 3595 1014 3647 il
1028 3599 1181 3668 passaggio,
1193 3599 1215 3650 si
1228 3601 1301 3663 reco,
1315 3613 1404 3667 prece·

853 3676 918 3730 duto
934 3677 977 3730 dai
993 3678 1098 3744 Boemi,
1108 3682 1154 3749 piu
1167 3680 1235 3734 oltre
1252 3700 1266 3729 ι(
1278 3680 1310 3733 ad
1322 3698 1404 3751 quen·

853 3760 941 3813 udam
956 3760 1056 3828 iocum,
1071 3764 1114 3816 ubi
1131 3781 1200 3835 aqua
1216 3766 1250 3817 ita
1263 3765 1402 3819 videbatur

854 3863 867 3892 u
880 3846 918 3897 eis
938 3862 1028 3915 parva,
1048 3847 1120 3917 quod
1139 3849 1202 3901 satis
1227 3847 1289 3902 inde
1314 3849 1403 3918 ipsum

853 3949 867 3977 «
878 3929 979 3983 flumen
998 3932 1109 3985 transire
1133 3949 1180 4002 per
1200 3934 1285 4003 ipsam
1304 3950 1402 4005 aquam

853 4024 1087 4082 «putaverun13....
1108 4017 1178 4069 unde
1204 4016 1281 4070 multi
1307 4033 1403 4071 eorum

854 4114 942 4151 «cum
961 4101 1036 4169 equis
1056 4112 1082 4153 et
1101 4099 1160 4152 aliis
1187 4103 1268 4155 armis
1294 4103 1320 4154 in
1346 4104 1403 4172 ipsa

853 4199 947 4254 «aqua
963 4186 1107 4253 perierunt,
1123 4189 1170 4239 &c
1185 4206 1208 4238 u.
1246 4186 1368 4241 Cassano
1388 4189 1403 4240 e

852 4268 951 4333 vicino,
964 4270 1008 4338 piu
1023 4269 1048 4321 di
1065 4269 1240 4336 Comeiian0,
1251 4288 1266 4322 a
1277 4271 1377 4340 Vaprio
1388 4290 1402 4326 e

853 4350 1043 4422 aGroppeilo.

243 4432 302 4486 dice
311 4432 361 4486 che
372 4431 501 4486 Federico
517 4450 565 4503 per
574 4450 682 4504 passere
695 4434 794 4488 l'Adda
818 4435 894 4502 2085.
909 4434 998 4489 Vane.
1015 4438 1078 4491 Aen.
1094 4437 1127 4503 X,
1142 4436 1204 4504 644.

243 4516 314 4569 ando
337 4516 400 4569 rad
424 4516 619 4571 Comeiianum
635 4537 659 4571 u.
704 4518 793 4572 Final-
818 4517 946 4589 2086-93.
963 4518 1005 4573 Cf.
1026 4521 1265 4589 Vnno.Acn.V1,
1287 4523 1403 4595 388·91;

243 4611 333 4653 mente
346 4600 381 4654 Ο.
393 4600 517 4654 Monam
526 4615 653 4656 racconta
665 4603 715 4658 che
726 4602 794 4657 l’Im·

852 4603 960 4658 Lucan.
976 4605 1062 4659 Phars.
1080 4607 1100 4672 Ι,
1115 4606 1209 4674 255-6.

243 4695 366 4754 peratore
386 4684 457 4738 ando
477 4686 534 4737 rad
549 4698 660 4754 pontem
674 4690 718 4758 qui
732 4687 794 4743 dici·
818 4702 893 4757 2095.
908 4687 950 4742 cf.
964 4688 1049 4743 Stat.
1065 4690 1139 4744 Their.
1153 4690 1199 4757 tx,
1214 4706 1275 4763 492.

186 4830 189 4834 Ι
242 4776 284 4818 tur
300 4785 314 4814 α
325 4766 358 4819 de
375 4767 534 4821 Cassiano»
551 4769 584 4821 ed
601 4769 754 4839 essendogii
768 4769 793 4823 la
818 4786 894 4842 2099.
911 4771 954 4826 Cf.
970 4771 1059 4829 Vana.
1075 4775 1139 4830 Aen.
1156 4774 1216 4842 VII,
1231 4774 1292 4842 468.

1454 1351 1565 1408 Vaprr'um

1442 1405 1573 1463 Cropeiitim
