3300 5796
885 503 1137 560 ANONIMO

549 752 698 842 Implent‚
718 772 767 821 set
784 771 907 841 cogunt
925 770 1033 842 captos
1052 753 1153 820 iurare
1172 753 1342 841 querelam

549 870 591 938 Se
610 892 677 936 non
696 866 834 936 facturos
853 869 920 956 regi
939 891 1033 957 super
1051 868 1114 935 hoc
1133 867 1316 952 Frederico,

547 987 618 1055 Nec
636 983 688 1051 alii
706 985 756 1051 cui
776 985 817 1052 sit
835 982 984 1051 censendi
1004 984 1069 1051 iure
1088 1003 1239 1073 potestas,

548 1101 605 1169 Set
622 1120 803 1169 seruaturos
822 1098 924 1168 stabili
942 1097 1002 1167 sibi
1020 1097 1126 1166 federe
1145 1122 1267 1187 pacem.
1527 1121 1593 1187 1320

627 1467 648 1513 1
669 1467 727 1513 nun
746 1467 833 1513 rann
853 1445 965 1514 uolans
985 1463 1113 1513 montes
1131 1464 1334 1533 superauerat
1354 1446 1437 1515 altos

638 1560 855 1650 Regalemque
875 1562 970 1628 etiam
988 1583 1118 1628 rumore
1136 1559 1322 1649 impleuerat
1342 1561 1461 1645 auam,

548 1677 714 1744 Brixianos
735 1674 874 1743 referens
893 1695 1004 1743 contra
1022 1674 1138 1763 regalia
1155 1676 1240 1742 iussa

547 1793 742 1879 Pergameos
762 1790 870 1858 lesisse
889 1792 974 1858 uiros
994 1808 1025 1857 et
1043 1791 1130 1879 regia
1149 1792 1263 1880 scripta

548 1904 738 1993 Neglexisse
756 1907 852 1995 ipsos,
872 1904 1029 1994 populum
1048 1927 1176 1995 quoque
1196 1903 1419 1973 Mediolanum
1527 1928 1593 1994 1325

549 2020 699 2089 Menibus
719 2020 840 2088 elatum
859 2019 1011 2089 Terdone
1031 2022 1063 2088 ui
1082 2021 1233 2110 reparatis

549 2133 672 2203 Ledere
691 2135 814 2202 uicinos
832 2134 927 2203 solito
946 2135 1061 2224 magis.
1103 2133 1189 2203 unde
1207 2153 1356 2203 mouetur

551 2252 620 2320 Rex
637 2252 709 2340 pius
728 2269 759 2318 et
778 2252 894 2318 iustam
913 2248 1098 2318 Fredericus
1117 2251 1256 2339 concipit
1274 2252 1364 2333 iram,

549 2367 662 2433 Mente
680 2384 792 2433 tenens
811 2384 953 2433 ueterem
973 2367 1110 2433 memori
1128 2388 1225 2454 quam
1245 2385 1368 2455 ceperat
1387 2366 1478 2449 olim,

550 2479 641 2560 Quin
661 2483 757 2549 etiam
777 2483 863 2549 uaria
882 2483 1046 2549 uenientes
1064 2501 1152 2570 parte
1171 2481 1297 2571 querele
1528 2505 1541 2550 1
1547 2505 1562 2571 3
1567 2504 1605 2570 30

475 2660 478 2666 ,
549 2596 637 2662 Dant
656 2597 755 2680 Fame
775 2597 867 2679 uires,
888 2616 1008 2685 augent
1025 2619 1153 2686 quoque
1171 2597 1320 2686 principis
1339 2599 1431 2666 iram.

548 2714 635 2782 Nam
656 2711 993 2781 Gandinensis'uitans
1013 2714 1114 2780 iurare
1127 2712 1303 2798 lohannes,

549 2829 738 2898 Accelerans
756 2828 872 2918 rapidis
891 2828 930 2897 ad
949 2852 1060 2917 regem
1078 2828 1220 2917 passibus
1241 2828 1375 2911 almum,

550 2947 744 3034 Pergameos
763 2948 903 3035 queritur
923 2965 1033 3013 contra
1053 2946 1100 3012 ius
1120 2944 1229 3034 fasque
1249 2964 1396 3028 coactos;

550 3063 621 3131 Nec
640 3081 728 3150 patet
747 3063 879 3150 insignis
898 3060 982 3127 mala
1001 3063 1106 3149 gentis
1125 3060 1264 3149 dampna
1282 3059 1443 3130 Gerardus
1528 3085 1540 3129 1
1547 3085 1562 3150 3
1569 3085 1584 3150 3
1590 3084 1605 3148 5

550 3179 726 3265 Pergameo
745 3176 835 3260 celat,
855 3178 943 3246 cuius
963 3178 1163 3267 querimonia
1181 3200 1292 3265 regem

552 3294 676 3361 Excitat
694 3312 787 3380 atque
807 3292 913 3361 duces.
953 3310 1099 3360 censetur
1117 3291 1214 3380 digna
1232 3293 1324 3360 ruina

551 3409 665 3489 Brixia,
686 3409 719 3474 ni
739 3408 822 3495 regis
840 3427 987 3496 properet
1007 3407 1131 3475 decreta
1150 3406 1254 3475 subire

550 3525 589 3590 Et
607 3523 667 3589 nisi
687 3524 828 3590 restituat
847 3523 967 3612 populo
985 3547 1043 3592 sua
1062 3525 1325 3612 Pergameorum.

552 3637 690 3704 Cumani
710 3636 818 3708 solitas
837 3639 968 3706 recitant
986 3640 1055 3705 sine
1073 3638 1138 3706 fine
1157 3638 1300 3729 querelas
1528 3661 1612 3728 ¹340

552 3750 931 3840 Laudensesquesimu13
951 3755 1091 3843 queritur
1110 3778 1237 3844 quoque
1257 3774 1359 3822 mesta
1378 3756 1475 3844 Papia

549 3868 590 3935 Se
610 3868 738 3956 grauius
758 3867 837 3935 duro
858 3870 965 3936 uexari
984 3871 1087 3938 Marte
1106 3893 1244 3960 suosque

550 3982 770 4072 Compedibus
790 3985 875 4051 ciues
895 3985 992 4052 arceri
1012 4008 1134 4053 carcere
1154 3987 1279 4054 uinctos

471 4201 534 4248 ¹32¹·
549 4188 584 4234 lu
599 4189 692 4245 r'na'rr'ale
706 4190 744 4235 del
756 4200 822 4236 verso
837 4203 920 4236 manca
935 4193 974 4235 nel
988 4191 1043 4236 Cod.
1059 4192 1157 4238 essendo
1172 4193 1271 4237 rr'macto
1285 4192 1368 4237 blanco
1383 4192 1406 4237 lo
1421 4192 1500 4250 spatio
1514 4192 1557 4237 clte
1570 4193 1614 4237 do-

414 4279 470 4313 reva
484 4268 597 4327 riempr're
606 4268 681 4326 forse
695 4269 715 4315 r'l
727 4269 881 4315 rubricatam.

418 4473 526 4526 132¹·2·
558 4456 600 4512 Cf.
628 4458 717 4513 Vnae.
748 4461 809 4515 Aen.
839 4461 895 4527 XI,
933 4479 999 4534 139,
1062 4461 1611 4534 inCremal’a.1187;v.Vrorrnrr,Cod.

453 4556 511 4606 140.
1062 4548 1121 4621 dipl.
1135 4549 1215 4603 Laud,
1229 4549 1263 4615 ll,
1281 4547 1338 4616 146.

418 4639 491 4694 1332.
508 4625 706 4680 Garutianus...
721 4628 851 4697 Iohannes]
873 4628 918 4681 Un
936 4630 998 4699 «Jo
1032 4649 1105 4702 1333.
1119 4631 1161 4687 Cf.
1175 4634 1264 4686 Vens.
1279 4634 1342 4688 Aen.
1358 4633 1417 4703 Vll,
1435 4629 1526 4702 156-7.

450 4708 552 4763 lranncs
572 4710 605 4764 de
622 4710 772 4765 Gandinon
793 4714 817 4765 si
835 4724 912 4766 trova
931 4711 970 4765 fra
990 4713 997 4764 i
1030 4731 1103 4784 1335.
1119 4713 1260 4782 Gerardus]
1279 4733 1398 4770 vescovo
1422 4716 1448 4769 di
1473 4716 1610 4785 Bergamo

449 4796 598 4849 soscrittori
617 4796 643 4849 di
660 4812 696 4849 un
715 4796 882 4851 documento
901 4810 998 4876 rogato
1061 4799 1105 4852 dal
1123 4798 1228 4866 114621
1248 4799 1321 4853 1166.
