<?xml version="1.0" encoding="UTF-8"?>
<!DOCTYPE html PUBLIC "-//W3C//DTD XHTML 1.0 Transitional//EN"
    "http://www.w3.org/TR/xhtml1/DTD/xhtml1-transitional.dtd">
<html xmlns="http://www.w3.org/1999/xhtml" xml:lang="en" lang="en">
 <head>
  <title>
</title>
<meta http-equiv="Content-Type" content="text/html;charset=utf-8" />
  <meta name='ocr-system' content='tesseract 3.04.00' />
  <meta name='ocr-capabilities' content='ocr_page ocr_carea ocr_par ocr_line ocrx_word'/>
</head>
<body>
  <div class='ocr_page' id='page_1' title='image "./gestadifederico00monagoog_0100.png"; bbox 0 0 3300 5796; ppageno 0'>
   <div class='ocr_carea' id='block_1_1' title="bbox 833 504 1085 561">
    <p class='ocr_par' dir='ltr' id='par_1_1' title="bbox 833 504 1085 561">
     <span class='ocr_line' id='line_1_1' title="bbox 833 504 1085 561; baseline 0 0"><span class='ocrx_word' id='word_1_1' title='bbox 833 504 1085 561; x_wconf 80' lang='lat' dir='ltr'>ANONIMO</span> 
     </span>
    </p>
   </div>
   <div class='ocr_carea' id='block_1_2' title="bbox 397 753 1558 3588">
    <p class='ocr_par' dir='ltr' id='par_1_2' title="bbox 397 753 1557 1880">
     <span class='ocr_line' id='line_1_2' title="bbox 499 753 1360 844; baseline 0 -20"><span class='ocrx_word' id='word_1_2' title='bbox 499 757 564 824; x_wconf 89' lang='lat' dir='ltr'>Dat</span> <span class='ocrx_word' id='word_1_3' title='bbox 582 777 709 844; x_wconf 91' lang='lat' dir='ltr'>quoque</span> <span class='ocrx_word' id='word_1_4' title='bbox 729 753 883 822; x_wconf 82' lang='lat' dir='ltr'>uexillum</span> <span class='ocrx_word' id='word_1_5' title='bbox 900 753 988 842; x_wconf 90' lang='lat' dir='ltr'>quod</span> <span class='ocrx_word' id='word_1_6' title='bbox 1006 773 1117 822; x_wconf 84' lang='lat' dir='ltr'>noscat</span> <span class='ocrx_word' id='word_1_7' title='bbox 1136 753 1360 824; x_wconf 85' lang='lat' dir='ltr'>Mediolanum</span> 
     </span>
     <span class='ocr_line' id='line_1_3' title="bbox 499 868 1557 960; baseline 0.002 -23"><span class='ocrx_word' id='word_1_8' title='bbox 499 871 539 937; x_wconf 83' lang='lat' dir='ltr'>Et</span> <span class='ocrx_word' id='word_1_9' title='bbox 557 887 679 937; x_wconf 90' lang='lat' dir='ltr'>metuat</span> <span class='ocrx_word' id='word_1_10' title='bbox 697 868 816 938; x_wconf 91' lang='lat' dir='ltr'>bellum</span> <span class='ocrx_word' id='word_1_11' title='bbox 835 888 908 958; x_wconf 95' lang='lat' dir='ltr'>post</span> <span class='ocrx_word' id='word_1_12' title='bbox 927 870 989 937; x_wconf 90' lang='lat' dir='ltr'>hoc</span> <span class='ocrx_word' id='word_1_13' title='bbox 1008 888 1164 958; x_wconf 88' lang='lat' dir='ltr'>temptare</span> <span class='ocrx_word' id='word_1_14' title='bbox 1182 869 1366 958; x_wconf 85' lang='lat' dir='ltr'>profanum.</span> <span class='ocrx_word' id='word_1_15' title='bbox 1479 874 1557 960; x_wconf 86' lang='lat'>1485</span> 
     </span>
     <span class='ocr_line' id='line_1_4' title="bbox 499 982 1437 1073; baseline 0 -21"><span class='ocrx_word' id='word_1_16' title='bbox 499 982 579 1065; x_wconf 92' lang='lat' dir='ltr'>Quo</span> <span class='ocrx_word' id='word_1_17' title='bbox 599 985 732 1073; x_wconf 87' lang='lat' dir='ltr'>Ligures</span> <span class='ocrx_word' id='word_1_18' title='bbox 751 1004 892 1073; x_wconf 87' lang='lat' dir='ltr'>sumpto,</span> <span class='ocrx_word' id='word_1_19' title='bbox 910 983 1051 1073; x_wconf 86' lang='lat' dir='ltr'>gaudent</span> <span class='ocrx_word' id='word_1_20' title='bbox 1069 984 1267 1073; x_wconf 90' lang='lat' dir='ltr'>redeuntque</span> <span class='ocrx_word' id='word_1_21' title='bbox 1286 1002 1437 1073; x_wconf 86' lang='lat' dir='ltr'>putantes</span> 
     </span>
     <span class='ocr_line' id='line_1_5' title="bbox 498 1099 1201 1190; baseline -0.006 -20"><span class='ocrx_word' id='word_1_22' title='bbox 498 1100 774 1170; x_wconf 81' lang='lat' dir='ltr'>Mediolanensem</span> <span class='ocrx_word' id='word_1_23' title='bbox 793 1101 948 1190; x_wconf 92' lang='lat' dir='ltr'>populum</span> <span class='ocrx_word' id='word_1_24' title='bbox 967 1099 1081 1167; x_wconf 90' lang='lat' dir='ltr'>debere</span> <span class='ocrx_word' id='word_1_25' title='bbox 1100 1102 1201 1169; x_wconf 89' lang='lat' dir='ltr'>uereri</span> 
     </span>
     <span class='ocr_line' id='line_1_6' title="bbox 497 1215 1305 1306; baseline -0.001 -20"><span class='ocrx_word' id='word_1_26' title='bbox 497 1218 594 1305; x_wconf 89' lang='lat' dir='ltr'>Regis</span> <span class='ocrx_word' id='word_1_27' title='bbox 614 1216 767 1285; x_wconf 85' lang='lat' dir='ltr'>uexillum</span> <span class='ocrx_word' id='word_1_28' title='bbox 785 1215 978 1306; x_wconf 89' lang='lat' dir='ltr'>solitumque</span> <span class='ocrx_word' id='word_1_29' title='bbox 998 1218 1157 1285; x_wconf 87' lang='lat' dir='ltr'>remittere</span> <span class='ocrx_word' id='word_1_30' title='bbox 1176 1216 1305 1285; x_wconf 91' lang='lat' dir='ltr'>bellum.</span> 
     </span>
     <span class='ocr_line' id='line_1_7' title="bbox 497 1330 1369 1421; baseline 0.001 -22"><span class='ocrx_word' id='word_1_31' title='bbox 497 1332 552 1400; x_wconf 89' lang='lat' dir='ltr'>Set</span> <span class='ocrx_word' id='word_1_32' title='bbox 571 1355 630 1399; x_wconf 91' lang='lat' dir='ltr'>nec</span> <span class='ocrx_word' id='word_1_33' title='bbox 649 1333 693 1398; x_wconf 90' lang='lat' dir='ltr'>sic</span> <span class='ocrx_word' id='word_1_34' title='bbox 712 1350 840 1420; x_wconf 91' lang='lat' dir='ltr'>ceptum</span> <span class='ocrx_word' id='word_1_35' title='bbox 859 1331 986 1399; x_wconf 90' lang='lat' dir='ltr'>cohibet</span> <span class='ocrx_word' id='word_1_36' title='bbox 1003 1355 1084 1421; x_wconf 91' lang='lat' dir='ltr'>gens</span> <span class='ocrx_word' id='word_1_37' title='bbox 1101 1355 1198 1421; x_wconf 87' lang='lat' dir='ltr'>praua</span> <span class='ocrx_word' id='word_1_38' title='bbox 1216 1330 1369 1414; x_wconf 84' lang='lat' dir='ltr'>furorem,</span> 
     </span>
     <span class='ocr_line' id='line_1_8' title="bbox 497 1448 1557 1536; baseline 0.001 -21"><span class='ocrx_word' id='word_1_39' title='bbox 497 1451 605 1515; x_wconf 92' lang='lat' dir='ltr'>lmmo</span> <span class='ocrx_word' id='word_1_40' title='bbox 621 1448 724 1535; x_wconf 88' lang='lat' dir='ltr'>magis</span> <span class='ocrx_word' id='word_1_41' title='bbox 743 1448 825 1514; x_wconf 91' lang='lat' dir='ltr'>seuit</span> <span class='ocrx_word' id='word_1_42' title='bbox 844 1465 1076 1536; x_wconf 90' lang='lat' dir='ltr'>contempnens</span> <span class='ocrx_word' id='word_1_43' title='bbox 1094 1449 1182 1536; x_wconf 89' lang='lat' dir='ltr'>regia</span> <span class='ocrx_word' id='word_1_44' title='bbox 1200 1448 1300 1535; x_wconf 88' lang='lat' dir='ltr'>signa.</span> <span class='ocrx_word' id='word_1_45' title='bbox 1474 1471 1557 1536; x_wconf 88' lang='lat'>1490</span> 
     </span>
     <span class='ocr_line' id='line_1_9' title="bbox 497 1560 1452 1651; baseline 0 -22"><span class='ocrx_word' id='word_1_46' title='bbox 497 1560 593 1629; x_wconf 91' lang='lat' dir='ltr'>Haud</span> <span class='ocrx_word' id='word_1_47' title='bbox 611 1584 703 1628; x_wconf 92' lang='lat' dir='ltr'>secus</span> <span class='ocrx_word' id='word_1_48' title='bbox 721 1584 758 1628; x_wconf 89' lang='lat' dir='ltr'>ac</span> <span class='ocrx_word' id='word_1_49' title='bbox 776 1579 910 1643; x_wconf 90' lang='lat' dir='ltr'>torrens,</span> <span class='ocrx_word' id='word_1_50' title='bbox 929 1585 1026 1651; x_wconf 92' lang='lat' dir='ltr'>quem</span> <span class='ocrx_word' id='word_1_51' title='bbox 1046 1563 1116 1651; x_wconf 90' lang='lat' dir='ltr'>quis</span> <span class='ocrx_word' id='word_1_52' title='bbox 1137 1563 1223 1650; x_wconf 92' lang='lat' dir='ltr'>cupit</span> <span class='ocrx_word' id='word_1_53' title='bbox 1240 1561 1331 1630; x_wconf 90' lang='lat' dir='ltr'>obice</span> <span class='ocrx_word' id='word_1_54' title='bbox 1350 1561 1452 1631; x_wconf 90' lang='lat' dir='ltr'>denso</span> 
     </span>
     <span class='ocr_line' id='line_1_10' title="bbox 498 1675 1324 1766; baseline 0 -22"><span class='ocrx_word' id='word_1_55' title='bbox 498 1677 625 1764; x_wconf 85' lang='lat' dir='ltr'>Cogere</span> <span class='ocrx_word' id='word_1_56' title='bbox 645 1695 680 1745; x_wconf 94' lang='lat' dir='ltr'>ut</span> <span class='ocrx_word' id='word_1_57' title='bbox 699 1676 863 1744; x_wconf 89' lang='lat' dir='ltr'>insolitum</span> <span class='ocrx_word' id='word_1_58' title='bbox 882 1676 981 1744; x_wconf 89' lang='lat' dir='ltr'>discat</span> <span class='ocrx_word' id='word_1_59' title='bbox 997 1700 1054 1766; x_wconf 90' lang='lat' dir='ltr'>per</span> <span class='ocrx_word' id='word_1_60' title='bbox 1073 1675 1165 1745; x_wconf 90' lang='lat' dir='ltr'>deuia</span> <span class='ocrx_word' id='word_1_61' title='bbox 1185 1700 1324 1759; x_wconf 89' lang='lat' dir='ltr'>cursum,</span> 
     </span>
     <span class='ocr_line' id='line_1_11' title="bbox 397 1790 1288 1880; baseline 0 -22"><span class='ocrx_word' id='word_1_62' title='bbox 397 1845 399 1848; x_wconf 87' lang='lat'>.</span> <span class='ocrx_word' id='word_1_63' title='bbox 496 1791 631 1880; x_wconf 88' lang='lat' dir='ltr'>Spumat</span> <span class='ocrx_word' id='word_1_64' title='bbox 650 1792 732 1858; x_wconf 91' lang='lat' dir='ltr'>etin</span> <span class='ocrx_word' id='word_1_65' title='bbox 750 1790 866 1859; x_wconf 90' lang='lat' dir='ltr'>fluctus</span> <span class='ocrx_word' id='word_1_66' title='bbox 885 1810 990 1860; x_wconf 90' lang='lat' dir='ltr'>totum</span> <span class='ocrx_word' id='word_1_67' title='bbox 1009 1816 1043 1859; x_wconf 90' lang='lat' dir='ltr'>se</span> <span class='ocrx_word' id='word_1_68' title='bbox 1062 1791 1197 1860; x_wconf 83' lang='lat' dir='ltr'>tollitur</span> <span class='ocrx_word' id='word_1_69' title='bbox 1215 1791 1288 1873; x_wconf 89' lang='lat' dir='ltr'>alta,</span> 
     </span>
    </p>

    <p class='ocr_par' dir='ltr' id='par_1_3' title="bbox 496 1905 1313 1996">
     <span class='ocr_line' id='line_1_12' title="bbox 496 1905 1313 1996; baseline 0 -22"><span class='ocrx_word' id='word_1_70' title='bbox 496 1905 572 1986; x_wconf 90' lang='lat' dir='ltr'>Que</span> <span class='ocrx_word' id='word_1_71' title='bbox 591 1925 714 1975; x_wconf 86' lang='lat' dir='ltr'>mutare</span> <span class='ocrx_word' id='word_1_72' title='bbox 733 1909 820 1974; x_wconf 90' lang='lat' dir='ltr'>uiam</span> <span class='ocrx_word' id='word_1_73' title='bbox 839 1924 972 1995; x_wconf 93' lang='lat' dir='ltr'>cogunt,</span> <span class='ocrx_word' id='word_1_74' title='bbox 989 1906 1160 1975; x_wconf 88' lang='lat' dir='ltr'>retinacula</span> <span class='ocrx_word' id='word_1_75' title='bbox 1178 1907 1313 1996; x_wconf 87' lang='lat' dir='ltr'>frangat.</span> 
     </span>
    </p>

    <p class='ocr_par' dir='ltr' id='par_1_4' title="bbox 495 2021 1558 3588">
     <span class='ocr_line' id='line_1_13' title="bbox 540 2021 1553 2112; baseline 0 -22"><span class='ocrx_word' id='word_1_76' title='bbox 540 2022 631 2091; x_wconf 89' lang='lat' dir='ltr'>Tum</span> <span class='ocrx_word' id='word_1_77' title='bbox 650 2042 737 2112; x_wconf 91' lang='lat' dir='ltr'>pater</span> <span class='ocrx_word' id='word_1_78' title='bbox 756 2024 940 2090; x_wconf 90' lang='lat' dir='ltr'>inmensum</span> <span class='ocrx_word' id='word_1_79' title='bbox 959 2021 1142 2091; x_wconf 88' lang='lat' dir='ltr'>Fredericus</span> <span class='ocrx_word' id='word_1_80' title='bbox 1161 2024 1281 2111; x_wconf 86' lang='lat' dir='ltr'>cogitat</span> <span class='ocrx_word' id='word_1_81' title='bbox 1303 2046 1420 2111; x_wconf 84' lang='lat' dir='ltr'>agmen</span> <span class='ocrx_word' id='word_1_82' title='bbox 1472 2046 1553 2112; x_wconf 85' lang='lat'>1495</span> 
     </span>
     <span class='ocr_line' id='line_1_14' title="bbox 497 2136 1303 2227; baseline -0.001 -22"><span class='ocrx_word' id='word_1_83' title='bbox 497 2137 623 2227; x_wconf 88' lang='lat' dir='ltr'>Cogere</span> <span class='ocrx_word' id='word_1_84' title='bbox 641 2157 678 2206; x_wconf 92' lang='lat' dir='ltr'>ut</span> <span class='ocrx_word' id='word_1_85' title='bbox 696 2137 820 2205; x_wconf 89' lang='lat' dir='ltr'>ltaliam</span> <span class='ocrx_word' id='word_1_86' title='bbox 840 2139 947 2205; x_wconf 87' lang='lat' dir='ltr'>ueniat</span> <span class='ocrx_word' id='word_1_87' title='bbox 965 2138 1162 2227; x_wconf 88' lang='lat' dir='ltr'>Liguresque</span> <span class='ocrx_word' id='word_1_88' title='bbox 1181 2136 1303 2205; x_wconf 86' lang='lat' dir='ltr'>feroces</span> 
     </span>
     <span class='ocr_line' id='line_1_15' title="bbox 497 2251 1392 2341; baseline 0 -21"><span class='ocrx_word' id='word_1_89' title='bbox 497 2254 599 2320; x_wconf 87' lang='lat' dir='ltr'>Marte</span> <span class='ocrx_word' id='word_1_90' title='bbox 618 2252 729 2320; x_wconf 92' lang='lat' dir='ltr'>domet</span> <span class='ocrx_word' id='word_1_91' title='bbox 747 2254 944 2340; x_wconf 91' lang='lat' dir='ltr'>miserosque</span> <span class='ocrx_word' id='word_1_92' title='bbox 964 2253 1053 2340; x_wconf 91' lang='lat' dir='ltr'>graui</span> <span class='ocrx_word' id='word_1_93' title='bbox 1073 2251 1112 2319; x_wconf 94' lang='lat' dir='ltr'>de</span> <span class='ocrx_word' id='word_1_94' title='bbox 1131 2253 1288 2341; x_wconf 89' lang='lat' dir='ltr'>compede</span> <span class='ocrx_word' id='word_1_95' title='bbox 1307 2254 1392 2321; x_wconf 88' lang='lat' dir='ltr'>ciues</span> 
     </span>
     <span class='ocr_line' id='line_1_16' title="bbox 496 2366 1307 2458; baseline 0 -23"><span class='ocrx_word' id='word_1_96' title='bbox 496 2367 622 2436; x_wconf 89' lang='lat' dir='ltr'>Liberet</span> <span class='ocrx_word' id='word_1_97' title='bbox 642 2391 677 2435; x_wconf 90' lang='lat' dir='ltr'>ac</span> <span class='ocrx_word' id='word_1_98' title='bbox 695 2368 838 2458; x_wconf 86' lang='lat' dir='ltr'>populos·</span> <span class='ocrx_word' id='word_1_99' title='bbox 850 2366 976 2436; x_wconf 90' lang='lat' dir='ltr'>studeat</span> <span class='ocrx_word' id='word_1_100' title='bbox 992 2366 1115 2435; x_wconf 87' lang='lat' dir='ltr'>frenare</span> <span class='ocrx_word' id='word_1_101' title='bbox 1135 2367 1307 2457; x_wconf 90' lang='lat' dir='ltr'>superbos;</span> 
     </span>
     <span class='ocr_line' id='line_1_17' title="bbox 497 2482 1282 2572; baseline -0.001 -21"><span class='ocrx_word' id='word_1_102' title='bbox 497 2482 576 2563; x_wconf 93' lang='lat' dir='ltr'>Quo</span> <span class='ocrx_word' id='word_1_103' title='bbox 596 2506 706 2572; x_wconf 86' lang='lat' dir='ltr'>pacem</span> <span class='ocrx_word' id='word_1_104' title='bbox 728 2483 810 2550; x_wconf 89' lang='lat' dir='ltr'>bello</span> <span class='ocrx_word' id='word_1_105' title='bbox 828 2501 958 2550; x_wconf 91' lang='lat' dir='ltr'>teneant</span> <span class='ocrx_word' id='word_1_106' title='bbox 976 2482 1127 2572; x_wconf 86' lang='lat' dir='ltr'>legesque</span> <span class='ocrx_word' id='word_1_107' title='bbox 1146 2503 1282 2552; x_wconf 80' lang='lat' dir='ltr'>remoto</span> 
     </span>
     <span class='ocr_line' id='line_1_18' title="bbox 497 2599 1558 2689; baseline 0 -21"><span class='ocrx_word' id='word_1_108' title='bbox 497 2601 668 2668; x_wconf 90' lang='lat' dir='ltr'>Conuocat</span> <span class='ocrx_word' id='word_1_109' title='bbox 686 2622 763 2688; x_wconf 90' lang='lat' dir='ltr'>ergo</span> <span class='ocrx_word' id='word_1_110' title='bbox 784 2599 880 2666; x_wconf 91' lang='lat' dir='ltr'>duces</span> <span class='ocrx_word' id='word_1_111' title='bbox 898 2619 930 2667; x_wconf 91' lang='lat' dir='ltr'>et</span> <span class='ocrx_word' id='word_1_112' title='bbox 947 2600 1068 2687; x_wconf 91' lang='lat' dir='ltr'>primos</span> <span class='ocrx_word' id='word_1_113' title='bbox 1089 2599 1228 2689; x_wconf 87' lang='lat' dir='ltr'>undique</span> <span class='ocrx_word' id='word_1_114' title='bbox 1247 2602 1337 2687; x_wconf 88' lang='lat' dir='ltr'>regni</span> <span class='ocrx_word' id='word_1_115' title='bbox 1473 2622 1558 2686; x_wconf 87' lang='lat'><em>1500</em></span> 
     </span>
     <span class='ocr_line' id='line_1_19' title="bbox 497 2715 1342 2804; baseline -0.001 -20"><span class='ocrx_word' id='word_1_116' title='bbox 497 2717 646 2785; x_wconf 87' lang='lat' dir='ltr'>Rectores</span> <span class='ocrx_word' id='word_1_117' title='bbox 666 2715 761 2782; x_wconf 90' lang='lat' dir='ltr'>etiam</span> <span class='ocrx_word' id='word_1_118' title='bbox 781 2715 936 2802; x_wconf 88' lang='lat' dir='ltr'>Ligurum</span> <span class='ocrx_word' id='word_1_119' title='bbox 957 2737 1166 2803; x_wconf 88' lang='lat' dir='ltr'>proceresque</span> <span class='ocrx_word' id='word_1_120' title='bbox 1185 2734 1342 2804; x_wconf 90' lang='lat' dir='ltr'>potentes,</span> 
     </span>
     <span class='ocr_line' id='line_1_20' title="bbox 495 2829 1292 2919; baseline 0 -22"><span class='ocrx_word' id='word_1_121' title='bbox 495 2832 539 2898; x_wconf 90' lang='lat' dir='ltr'>Vt</span> <span class='ocrx_word' id='word_1_122' title='bbox 558 2830 701 2898; x_wconf 90' lang='lat' dir='ltr'>consulta</span> <span class='ocrx_word' id='word_1_123' title='bbox 721 2849 806 2919; x_wconf 90' lang='lat' dir='ltr'>petat</span> <span class='ocrx_word' id='word_1_124' title='bbox 825 2829 1017 2897; x_wconf 90' lang='lat' dir='ltr'>reuerendus</span> <span class='ocrx_word' id='word_1_125' title='bbox 1037 2830 1150 2897; x_wconf 91' lang='lat' dir='ltr'>ductor</span> <span class='ocrx_word' id='word_1_126' title='bbox 1169 2853 1292 2897; x_wconf 91' lang='lat' dir='ltr'>eorum.</span> 
     </span>
     <span class='ocr_line' id='line_1_21' title="bbox 496 2944 1329 3032; baseline 0 -19"><span class='ocrx_word' id='word_1_127' title='bbox 496 2945 591 3013; x_wconf 89' lang='lat' dir='ltr'>Haud</span> <span class='ocrx_word' id='word_1_128' title='bbox 611 2968 703 3014; x_wconf 90' lang='lat' dir='ltr'>mora</span> <span class='ocrx_word' id='word_1_129' title='bbox 722 2946 920 3013; x_wconf 90' lang='lat' dir='ltr'>conueniunt</span> <span class='ocrx_word' id='word_1_130' title='bbox 939 2944 979 3012; x_wconf 90' lang='lat' dir='ltr'>ad</span> <span class='ocrx_word' id='word_1_131' title='bbox 997 2946 1083 3032; x_wconf 88' lang='lat' dir='ltr'>regia</span> <span class='ocrx_word' id='word_1_132' title='bbox 1103 2963 1184 3012; x_wconf 89' lang='lat' dir='ltr'>tecta</span> <span class='ocrx_word' id='word_1_133' title='bbox 1204 2947 1329 3027; x_wconf 84' lang='lat' dir='ltr'>uocati3</span> 
     </span>
     <span class='ocr_line' id='line_1_22' title="bbox 496 3059 1300 3150; baseline -0.004 -21"><span class='ocrx_word' id='word_1_134' title='bbox 496 3061 592 3129; x_wconf 86' lang='lat' dir='ltr'>Curia</span> <span class='ocrx_word' id='word_1_135' title='bbox 611 3085 729 3150; x_wconf 87' lang='lat' dir='ltr'>magna</span> <span class='ocrx_word' id='word_1_136' title='bbox 748 3064 830 3142; x_wconf 91' lang='lat' dir='ltr'>coit;</span> <span class='ocrx_word' id='word_1_137' title='bbox 851 3080 921 3128; x_wconf 90' lang='lat' dir='ltr'>tum</span> <span class='ocrx_word' id='word_1_138' title='bbox 942 3060 1034 3128; x_wconf 91' lang='lat' dir='ltr'>diuus</span> <span class='ocrx_word' id='word_1_139' title='bbox 1053 3062 1097 3127; x_wconf 91' lang='lat' dir='ltr'>sic</span> <span class='ocrx_word' id='word_1_140' title='bbox 1117 3059 1300 3128; x_wconf 91' lang='lat' dir='ltr'>Fredericus</span> 
     </span>
     <span class='ocr_line' id='line_1_23' title="bbox 495 3174 1553 3266; baseline -0.001 -22"><span class='ocrx_word' id='word_1_141' title='bbox 495 3178 609 3266; x_wconf 89' lang='lat' dir='ltr'>Incipit</span> <span class='ocrx_word' id='word_1_142' title='bbox 628 3176 712 3244; x_wconf 86' lang='lat' dir='ltr'>effari</span> <span class='ocrx_word' id='word_1_143' title='bbox 731 3175 814 3242; x_wconf 94' lang='lat' dir='ltr'>solio</span> <span class='ocrx_word' id='word_1_144' title='bbox 834 3174 977 3242; x_wconf 93' lang='lat' dir='ltr'>sublimis</span> <span class='ocrx_word' id='word_1_145' title='bbox 996 3174 1035 3242; x_wconf 90' lang='lat' dir='ltr'>ab</span> <span class='ocrx_word' id='word_1_146' title='bbox 1056 3175 1139 3243; x_wconf 92' lang='lat' dir='ltr'>alto:</span> <span class='ocrx_word' id='word_1_147' title='bbox 1473 3199 1553 3262; x_wconf 82' lang='lat'>1505</span> 
     </span>
     <span class='ocr_line' id='line_1_24' title="bbox 499 3289 1379 3380; baseline 0.005 -27"><span class='ocrx_word' id='word_1_148' title='bbox 499 3318 515 3354; x_wconf 70' lang='grc' dir='ltr'>(ι</span> <span class='ocrx_word' id='word_1_149' title='bbox 529 3294 647 3380; x_wconf 88' lang='lat' dir='ltr'>Ingens</span> <span class='ocrx_word' id='word_1_150' title='bbox 667 3313 770 3373; x_wconf 87' lang='lat' dir='ltr'>causa,</span> <span class='ocrx_word' id='word_1_151' title='bbox 790 3289 897 3372; x_wconf 90' lang='lat' dir='ltr'>duces,</span> <span class='ocrx_word' id='word_1_152' title='bbox 918 3312 977 3356; x_wconf 94' lang='lat' dir='ltr'>nos</span> <span class='ocrx_word' id='word_1_153' title='bbox 996 3312 1125 3378; x_wconf 88' lang='lat' dir='ltr'>presens</span> <span class='ocrx_word' id='word_1_154' title='bbox 1146 3313 1261 3377; x_wconf 91' lang='lat' dir='ltr'>cogere</span> <span class='ocrx_word' id='word_1_155' title='bbox 1280 3292 1379 3357; x_wconf 88' lang='lat' dir='ltr'>suasit</span> 
     </span>
     <span class='ocr_line' id='line_1_25' title="bbox 498 3404 1443 3495; baseline 0.001 -25"><span class='ocrx_word' id='word_1_156' title='bbox 498 3405 721 3487; x_wconf 84' lang='lat' dir='ltr'>«Concilium,</span> <span class='ocrx_word' id='word_1_157' title='bbox 742 3429 839 3495; x_wconf 87' lang='lat' dir='ltr'>quarn</span> <span class='ocrx_word' id='word_1_158' title='bbox 858 3428 953 3473; x_wconf 91' lang='lat' dir='ltr'>nosse</span> <span class='ocrx_word' id='word_1_159' title='bbox 973 3404 1069 3472; x_wconf 91' lang='lat' dir='ltr'>uelim</span> <span class='ocrx_word' id='word_1_160' title='bbox 1090 3428 1149 3473; x_wconf 92' lang='lat' dir='ltr'>uos</span> <span class='ocrx_word' id='word_1_161' title='bbox 1168 3404 1280 3472; x_wconf 90' lang='lat' dir='ltr'>ordine</span> <span class='ocrx_word' id='word_1_162' title='bbox 1300 3425 1443 3487; x_wconf 89' lang='lat' dir='ltr'>cunctos,</span> 
     </span>
     <span class='ocr_line' id='line_1_26' title="bbox 500 3518 1425 3588; baseline 0.001 -3"><span class='ocrx_word' id='word_1_163' title='bbox 500 3523 573 3588; x_wconf 90' lang='lat' dir='ltr'>«Vt</span> <span class='ocrx_word' id='word_1_164' title='bbox 592 3520 688 3588; x_wconf 91' lang='lat' dir='ltr'>michi</span> <span class='ocrx_word' id='word_1_165' title='bbox 708 3521 878 3588; x_wconf 89' lang='lat' dir='ltr'>consilium</span> <span class='ocrx_word' id='word_1_166' title='bbox 896 3519 969 3586; x_wconf 87' lang='lat' dir='ltr'>dare</span> <span class='ocrx_word' id='word_1_167' title='bbox 985 3543 1052 3587; x_wconf 93' lang='lat' dir='ltr'>non</span> <span class='ocrx_word' id='word_1_168' title='bbox 1073 3518 1221 3588; x_wconf 90' lang='lat' dir='ltr'>dubitetis</span> <span class='ocrx_word' id='word_1_169' title='bbox 1241 3519 1425 3588; x_wconf 88' lang='lat' dir='ltr'>honestum.</span> 
     </span>
    </p>
   </div>
   <div class='ocr_carea' id='block_1_3' title="bbox 499 3634 1557 4416">
    <p class='ocr_par' dir='ltr' id='par_1_5' title="bbox 499 3634 1346 3726">
     <span class='ocr_line' id='line_1_27' title="bbox 499 3634 1346 3726; baseline 0.004 -25"><span class='ocrx_word' id='word_1_170' title='bbox 499 3664 515 3701; x_wconf 90' lang='lat'>«</span> <span class='ocrx_word' id='word_1_171' title='bbox 529 3638 703 3726; x_wconf 90' lang='lat' dir='ltr'>Imperium</span> <span class='ocrx_word' id='word_1_172' title='bbox 723 3635 888 3724; x_wconf 89' lang='lat' dir='ltr'>quondam</span> <span class='ocrx_word' id='word_1_173' title='bbox 908 3637 1093 3706; x_wconf 91' lang='lat' dir='ltr'>Romanum</span> <span class='ocrx_word' id='word_1_174' title='bbox 1114 3654 1195 3702; x_wconf 87' lang='lat' dir='ltr'>terra</span> <span class='ocrx_word' id='word_1_175' title='bbox 1215 3634 1346 3704; x_wconf 89' lang='lat' dir='ltr'>timebat</span> 
     </span>
    </p>

    <p class='ocr_par' dir='ltr' id='par_1_6' title="bbox 499 3749 1557 3955">
     <span class='ocr_line' id='line_1_28' title="bbox 499 3749 1557 3839; baseline 0.004 -24"><span class='ocrx_word' id='word_1_176' title='bbox 499 3749 660 3833; x_wconf 88' lang='lat' dir='ltr'>«Omnis,</span> <span class='ocrx_word' id='word_1_177' title='bbox 681 3749 720 3817; x_wconf 89' lang='lat' dir='ltr'>ad</span> <span class='ocrx_word' id='word_1_178' title='bbox 739 3772 890 3817; x_wconf 88' lang='lat' dir='ltr'>occasum</span> <span class='ocrx_word' id='word_1_179' title='bbox 910 3772 1111 3839; x_wconf 87' lang='lat' dir='ltr'>quecumque</span> <span class='ocrx_word' id='word_1_180' title='bbox 1129 3770 1177 3818; x_wconf 88' lang='lat' dir='ltr'>est</span> <span class='ocrx_word' id='word_1_181' title='bbox 1195 3749 1271 3817; x_wconf 91' lang='lat' dir='ltr'>solis</span> <span class='ocrx_word' id='word_1_182' title='bbox 1290 3749 1329 3817; x_wconf 94' lang='lat' dir='ltr'>ab</span> <span class='ocrx_word' id='word_1_183' title='bbox 1349 3768 1432 3831; x_wconf 89' lang='lat' dir='ltr'>ortu,</span> <span class='ocrx_word' id='word_1_184' title='bbox 1473 3772 1557 3836; x_wconf 85' lang='lat'>1510</span> 
     </span>
     <span class='ocr_line' id='line_1_29' title="bbox 500 3863 1315 3955; baseline 0.001 -25"><span class='ocrx_word' id='word_1_185' title='bbox 500 3868 598 3935; x_wconf 83' lang='lat' dir='ltr'>«Nec</span> <span class='ocrx_word' id='word_1_186' title='bbox 617 3889 696 3955; x_wconf 90' lang='lat' dir='ltr'>gens</span> <span class='ocrx_word' id='word_1_187' title='bbox 716 3864 778 3933; x_wconf 87' lang='lat' dir='ltr'>ulla</span> <span class='ocrx_word' id='word_1_188' title='bbox 798 3863 885 3932; x_wconf 91' lang='lat' dir='ltr'>ducis</span> <span class='ocrx_word' id='word_1_189' title='bbox 905 3865 1045 3934; x_wconf 90' lang='lat' dir='ltr'>Romani</span> <span class='ocrx_word' id='word_1_190' title='bbox 1064 3888 1211 3955; x_wconf 90' lang='lat' dir='ltr'>spernere</span> <span class='ocrx_word' id='word_1_191' title='bbox 1232 3867 1315 3933; x_wconf 88' lang='lat' dir='ltr'>iussa</span> 
     </span>
    </p>

    <p class='ocr_par' dir='ltr' id='par_1_7' title="bbox 501 3978 1306 4068">
     <span class='ocr_line' id='line_1_30' title="bbox 501 3978 1306 4068; baseline 0.002 -23"><span class='ocrx_word' id='word_1_192' title='bbox 501 4009 516 4045; x_wconf 90' lang='lat'>«</span> <span class='ocrx_word' id='word_1_193' title='bbox 529 3979 687 4062; x_wconf 90' lang='lat' dir='ltr'>Audebat,</span> <span class='ocrx_word' id='word_1_194' title='bbox 706 3980 833 4068; x_wconf 91' lang='lat' dir='ltr'>proprio</span> <span class='ocrx_word' id='word_1_195' title='bbox 853 3979 914 4045; x_wconf 92' lang='lat' dir='ltr'>nisi</span> <span class='ocrx_word' id='word_1_196' title='bbox 933 3978 1029 4047; x_wconf 90' lang='lat' dir='ltr'>uellet</span> <span class='ocrx_word' id='word_1_197' title='bbox 1048 3979 1172 4047; x_wconf 90' lang='lat' dir='ltr'>honore</span> <span class='ocrx_word' id='word_1_198' title='bbox 1192 4002 1306 4047; x_wconf 88' lang='lat' dir='ltr'>carere.</span> 
     </span>
    </p>

    <p class='ocr_par' dir='ltr' id='par_1_8' title="bbox 499 4094 1479 4184">
     <span class='ocr_line' id='line_1_31' title="bbox 499 4094 1479 4184; baseline -0.002 -19"><span class='ocrx_word' id='word_1_199' title='bbox 499 4125 514 4161; x_wconf 92' lang='lat'>«</span> <span class='ocrx_word' id='word_1_200' title='bbox 528 4099 623 4166; x_wconf 92' lang='lat' dir='ltr'>Nunc</span> <span class='ocrx_word' id='word_1_201' title='bbox 644 4115 750 4164; x_wconf 92' lang='lat' dir='ltr'>autem</span> <span class='ocrx_word' id='word_1_202' title='bbox 770 4095 927 4183; x_wconf 90' lang='lat' dir='ltr'>Ligurum</span> <span class='ocrx_word' id='word_1_203' title='bbox 946 4117 1007 4162; x_wconf 90' lang='lat' dir='ltr'>nos</span> <span class='ocrx_word' id='word_1_204' title='bbox 1026 4094 1164 4184; x_wconf 87' lang='lat' dir='ltr'>quedam</span> <span class='ocrx_word' id='word_1_205' title='bbox 1183 4115 1347 4183; x_wconf 90' lang='lat' dir='ltr'>tempnere</span> <span class='ocrx_word' id='word_1_206' title='bbox 1368 4114 1479 4182; x_wconf 87' lang='lat' dir='ltr'>gentes</span> 
     </span>
    </p>

    <p class='ocr_par' dir='ltr' id='par_1_9' title="bbox 499 4209 1549 4416">
     <span class='ocr_line' id='line_1_32' title="bbox 499 4209 1372 4299; baseline 0.001 -23"><span class='ocrx_word' id='word_1_207' title='bbox 499 4238 514 4276; x_wconf 78' lang='grc' dir='ltr'><strong>κ</strong></span> <span class='ocrx_word' id='word_1_208' title='bbox 528 4214 605 4280; x_wconf 92' lang='lat' dir='ltr'>Non</span> <span class='ocrx_word' id='word_1_209' title='bbox 626 4229 773 4279; x_wconf 90' lang='lat' dir='ltr'>metuunt</span> <span class='ocrx_word' id='word_1_210' title='bbox 791 4210 944 4298; x_wconf 90' lang='lat' dir='ltr'>regnique</span> <span class='ocrx_word' id='word_1_211' title='bbox 963 4209 1059 4277; x_wconf 90' lang='lat' dir='ltr'>decus</span> <span class='ocrx_word' id='word_1_212' title='bbox 1080 4209 1198 4277; x_wconf 88' lang='lat' dir='ltr'>uiolare</span> <span class='ocrx_word' id='word_1_213' title='bbox 1216 4209 1372 4299; x_wconf 82' lang='lat' dir='ltr'>superbe3</span> 
     </span>
     <span class='ocr_line' id='line_1_33' title="bbox 500 4325 1549 4416; baseline 0.001 -25"><span class='ocrx_word' id='word_1_214' title='bbox 500 4329 677 4416; x_wconf 89' lang='lat' dir='ltr'>«Namque</span> <span class='ocrx_word' id='word_1_215' title='bbox 697 4326 811 4416; x_wconf 89' lang='lat' dir='ltr'>premit</span> <span class='ocrx_word' id='word_1_216' title='bbox 830 4325 974 4414; x_wconf 88' lang='lat' dir='ltr'>geminas</span> <span class='ocrx_word' id='word_1_217' title='bbox 994 4348 1073 4413; x_wconf 91' lang='lat' dir='ltr'>gens</span> <span class='ocrx_word' id='word_1_218' title='bbox 1093 4325 1190 4413; x_wconf 86' lang='lat' dir='ltr'>impia</span> <span class='ocrx_word' id='word_1_219' title='bbox 1210 4325 1384 4393; x_wconf 86' lang='lat' dir='ltr'>Mediolani</span> <span class='ocrx_word' id='word_1_220' title='bbox 1470 4347 1549 4413; x_wconf 92' lang='grc'>1515</span> 
     </span>
    </p>
   </div>
   <div class='ocr_carea' id='block_1_4' title="bbox 421 4534 824 4593">
    <p class='ocr_par' dir='ltr' id='par_1_10' title="bbox 421 4534 824 4593">
     <span class='ocr_line' id='line_1_34' title="bbox 421 4534 824 4593; baseline -0.015 -11"><span class='ocrx_word' id='word_1_221' title='bbox 421 4536 487 4592; x_wconf 77' lang='grc'>1485.</span> <span class='ocrx_word' id='word_1_222' title='bbox 502 4535 620 4593; x_wconf 84' lang='lat' dir='ltr'>temptare]</span> <span class='ocrx_word' id='word_1_223' title='bbox 637 4534 694 4580; x_wconf 86' lang='lat' dir='ltr'>Cod.</span> <span class='ocrx_word' id='word_1_224' title='bbox 710 4541 824 4590; x_wconf 72' lang='lat' dir='ltr'>tempnere</span> 
     </span>
    </p>
   </div>
   <div class='ocr_carea' id='block_1_5' title="bbox 365 4706 1463 4869">
    <p class='ocr_par' dir='ltr' id='par_1_11' title="bbox 365 4706 1463 4869">
     <span class='ocr_line' id='line_1_35' title="bbox 366 4706 1463 4783; baseline -0.004 -17"><span class='ocrx_word' id='word_1_225' title='bbox 366 4712 440 4783; x_wconf 84' lang='lat'>1489.</span> <span class='ocrx_word' id='word_1_226' title='bbox 456 4709 499 4765; x_wconf 87' lang='lat' dir='ltr'>Cs.</span> <span class='ocrx_word' id='word_1_227' title='bbox 514 4709 603 4763; x_wconf 77' lang='lat' dir='ltr'>Vetto.</span> <span class='ocrx_word' id='word_1_228' title='bbox 619 4709 683 4763; x_wconf 75' lang='lat' dir='ltr'>Aen.</span> <span class='ocrx_word' id='word_1_229' title='bbox 699 4707 760 4773; x_wconf 87' lang='lat' dir='ltr'>XII,</span> <span class='ocrx_word' id='word_1_230' title='bbox 778 4722 836 4778; x_wconf 70' lang='lat'>314</span> <span class='ocrx_word' id='word_1_231' title='bbox 977 4723 1050 4777; x_wconf 80' lang='lat'>1503.</span> <span class='ocrx_word' id='word_1_232' title='bbox 1067 4706 1110 4762; x_wconf 83' lang='lat' dir='ltr'>cf.</span> <span class='ocrx_word' id='word_1_233' title='bbox 1123 4706 1212 4762; x_wconf 78' lang='lat' dir='ltr'>Vuno.</span> <span class='ocrx_word' id='word_1_234' title='bbox 1225 4708 1289 4762; x_wconf 82' lang='lat' dir='ltr'>Aen.</span> <span class='ocrx_word' id='word_1_235' title='bbox 1304 4707 1352 4775; x_wconf 87' lang='lat' dir='ltr'>Xl,</span> <span class='ocrx_word' id='word_1_236' title='bbox 1368 4707 1463 4778; x_wconf 76' lang='lat'>236-7.</span> 
     </span>
     <span class='ocr_line' id='line_1_36' title="bbox 365 4790 1376 4869; baseline -0.001 -20"><span class='ocrx_word' id='word_1_237' title='bbox 365 4811 476 4869; x_wconf 64' lang='lat'>1491-4.</span> <span class='ocrx_word' id='word_1_238' title='bbox 491 4792 535 4849; x_wconf 84' lang='lat' dir='ltr'>Cs.</span> <span class='ocrx_word' id='word_1_239' title='bbox 550 4793 639 4847; x_wconf 75' lang='lat' dir='ltr'>Vetto.</span> <span class='ocrx_word' id='word_1_240' title='bbox 652 4794 715 4848; x_wconf 80' lang='lat' dir='ltr'>Aen.</span> <span class='ocrx_word' id='word_1_241' title='bbox 726 4792 760 4857; x_wconf 85' lang='grc' dir='ltr'>ΙΙ,</span> <span class='ocrx_word' id='word_1_242' title='bbox 773 4790 869 4863; x_wconf 84' lang='lat'><strong>496-9.</strong></span> <span class='ocrx_word' id='word_1_243' title='bbox 976 4807 1050 4860; x_wconf 88' lang='lat'>1505.</span> <span class='ocrx_word' id='word_1_244' title='bbox 1064 4790 1107 4846; x_wconf 84' lang='lat' dir='ltr'>Cs.</span> <span class='ocrx_word' id='word_1_245' title='bbox 1121 4792 1210 4848; x_wconf 79' lang='lat' dir='ltr'>Vuno.</span> <span class='ocrx_word' id='word_1_246' title='bbox 1223 4794 1286 4848; x_wconf 76' lang='lat' dir='ltr'>Aen.</span> <span class='ocrx_word' id='word_1_247' title='bbox 1303 4793 1336 4858; x_wconf 85' lang='grc' dir='ltr'>ΙΙ,</span> <span class='ocrx_word' id='word_1_248' title='bbox 1352 4809 1376 4848; x_wconf 88' lang='lat'>2.</span> 
     </span>
    </p>
   </div>
   <div class='ocr_carea' id='block_1_6' title="bbox 0 0 1654 5796">
    <p class='ocr_par' dir='ltr' id='par_1_12' title="bbox 0 0 1654 5796">
     <span class='ocr_line' id='line_1_37' title="bbox 0 0 1654 5796; baseline 0 0"><span class='ocrx_word' id='word_1_249' title='bbox 0 0 1654 5796; x_wconf 95' lang='lat' dir='ltr'> </span> 
     </span>
    </p>
   </div>
  </div>
 </body>
</html>
