3436 5754
829 497 1083 555 ANONIMO

500 746 611 813 Castra
633 746 712 834 petit
728 745 810 814 letus
829 766 959 834 sumpto
978 744 1155 813 diademate
1174 744 1297 826 ductor,

499 863 546 928 Ex
566 879 643 929 tunc
661 861 785 950 imperii
804 884 924 929 nomen
943 862 1096 950 regnique
1116 860 1288 942 habiturus,
1491 863 1555 946 670

498 976 722 1065 Appositisque
740 977 841 1065 epulis
860 978 980 1044 mensis
998 999 1055 1044 sua
1073 998 1205 1065 corpora
1225 993 1323 1043 curat.

498 1093 542 1159 At
561 1092 707 1161 Romana
725 1094 814 1181 graui
835 1091 940 1182 plebes
960 1091 1119 1160 stimulata
1137 1091 1254 1173 furore,

500 1207 645 1296 Precipiti
664 1209 759 1295 raptis
778 1230 870 1276 cursu
889 1209 952 1276 ruit
969 1207 1110 1297 undique
1129 1206 1199 1275 telis

499 1325 605 1411 Atque
625 1323 796 1405 Leoninas,
816 1321 870 1390 ubi
889 1346 944 1390 rex
961 1323 1030 1406 luit,
1051 1341 1186 1411 occupat
1205 1322 1298 1390 horas

500 1440 712 1528 irrumpitque
730 1438 847 1506 domos
865 1436 1015 1527 frangens
1034 1438 1196 1506 obstacula
1215 1439 1346 1520 clausas,
1493 1443 1554 1525 675

501 1555 540 1621 Et
557 1553 671 1643 spoliat
689 1576 909 1644 quoscumque
929 1554 1013 1621 ualet
1031 1555 1165 1642 reperire
1183 1552 1326 1622 fauentes

500 1671 649 1757 Augusto
667 1670 735 1758 regi
754 1668 873 1737 clerum
891 1671 1006 1759 pariter
1023 1669 1252 1758 populumque,

502 1783 596 1852 Cardi
617 1761 834 1867 eciam⁴nales,
853 1785 907 1874 qui
927 1786 1014 1852 iuxta
1032 1783 1151 1874 templa
1170 1785 1252 1852 beati

503 1898 730 1981 Constiterant,
749 1900 834 1967 Petri
851 1900 946 1967 sacris
966 1899 1066 1967 modo
1086 1899 1321 1967 concelebratis.

502 2013 641 2082 Tollitur
659 2015 825 2082 inmensus
844 2013 966 2082 clamor
982 2033 1174 2105 resonatque
1192 2014 1359 2096 tumultus,
1494 2016 1558 2081 680

502 2128 552 2196 Fit
570 2127 661 2217 fuga3
682 2152 757 2196 uam
775 2128 880 2218 plures
897 2128 1025 2218 fugiunt
1043 2129 1082 2197 ad
1100 2132 1188 2219 regia
1207 2149 1316 2212 castra,

503 2244 580 2324 Que
599 2268 666 2312 non
684 2244 782 2333 longe
801 2245 930 2313 aberant
952 2246 1011 2313 sita
1029 2247 1117 2314 iuxta
1136 2245 1275 2314 Tibridis
1295 2244 1426 2314 undam.

503 2363 563 2429 Ast
580 2361 633 2429 ubi
652 2360 773 2450 regales
791 2384 902 2430 rumor
920 2363 1064 2450 peruenit
1082 2361 1121 2429 ad
1138 2385 1238 2444 aures,

503 2476 572 2546 Rex
590 2475 677 2544 iubet
694 2494 730 2545 ut
747 2479 881 2566 sumptis
901 2478 1022 2565 equites
1041 2478 1259 2566 properantius
1278 2477 1383 2557 armis,

504 2588 668 2657 Auxilium
686 2589 824 2658 tribuant
842 2589 1036 2678 fugientibus
1055 2613 1091 2657 ac
1109 2588 1247 2678 spoliatis
1497 2591 1558 2675 685

504 2707 543 2773 Et
562 2705 657 2772 nimis
676 2703 829 2773 audacem
848 2704 1021 2794 reprimant
1039 2704 1210 2772 luctamine
1228 2703 1364 2794 plebem.

504 2820 585 2887 Mox
604 2821 699 2909 igitur
716 2839 873 2911 properat,
892 2821 970 2888 laxis
989 2821 1145 2910 equitatus
1164 2819 1306 2903 habenis,

505 2934 612 3003 Currit
630 2953 662 3002 et
680 2935 746 3023 ipse
764 2935 861 3002 simul
879 2957 935 3004 rex
954 2935 1038 3003 bello
1056 2935 1146 3003 fortis
1165 2953 1197 3002 et
1216 2936 1321 3002 armis.

506 3050 600 3130 Quos
620 3051 766 3120 Romana
784 3048 890 3119 falanx
909 3049 963 3119 ubi
982 3051 1137 3138 conspicit
1154 3050 1385 3139 appropiantes,

424 3243 477 3302 6⁶9.
492 3242 548 3288 Coa.
562 3243 696 3295 diademato,
709 3254 723 3287 e
734 3241 763 3287 di
775 3253 851 3288 nuovo
865 3249 955 3300 sumpto
972 3242 1025 3287 indi
1037 3239 1173 3287 cancellato.
1238 3240 1291 3298 671.
1307 3208 1401 3298 mensisj
1417 3239 1473 3286 Cod.
1489 3239 1560 3297 ugrirti

372 3326 429 3383 675.
444 3323 650 3382 Cod.1rumpitque
704 3323 760 3370 686.
771 3322 829 3369 cna.
839 3321 868 3368 Et
877 3322 938 3368 uinis
992 3322 1048 3380 687.
1063 3321 1119 3368 Cod.
1134 3321 1239 3381 equitatis

372 3512 431 3583 671.
445 3510 490 3569 ef.
509 3511 599 3567 Vuae.
622 3511 713 3583 Georg.
735 3511 784 3578 IV,
810 3511 867 3581 187,
890 3512 955 3566 Aen.

409 3596 483 3666 VIlI,
496 3595 555 3666 607.
719 3598 722 3607 '

372 3679 433 3752 672.
446 3679 489 3736 Cf.
502 3680 592 3735 Vnae.
606 3682 669 3735 Aen.
682 3680 717 3747 X,
730 3679 772 3750 63.

372 3763 433 3834 673.
447 3761 491 3818 Cf.
503 3763 593 3817 Vnno.
606 3765 671 3818 Aen.
684 3763 746 3830 VII,
761 3778 820 3831 520.

372 3847 424 3919 674
433 3864 508 3920 segg.
525 3848 625 3901 «Dum
643 3864 740 3901 omnes
758 3849 844 3902 nimio
863 3847 956 3902 labore

409 3945 460 3986 «et
475 3942 535 3986 estu
548 3929 664 3987 conlecti
680 3931 713 3986 ad
727 3932 843 3986 tentoria
858 3932 956 3987 redire·

409 4037 424 4067 α
434 4032 495 4071 mus
510 4028 537 4071 et
552 4017 642 4071 cibum
656 4032 823 4087 caperemus,
838 4017 956 4071 Romani

409 4122 424 4152 e
434 4101 468 4156 de
480 4112 563 4171 ponte
579 4100 719 4172 Tyberino
734 4102 916 4172 prosiluerunt
931 4114 957 4156 et

410 4188 461 4241 ein
474 4186 640 4240 monasterio
654 4185 746 4241 Sancti
759 4187 840 4254 Petri,
852 4187 956 4242 duobus

1018 3532 1033 3562 u
1044 3512 1165 3582 captivos
1174 3510 1344 3577 deduximus,
1353 3511 1441 3565 donec
1448 3527 1504 3565 uox
1513 3528 1565 3565 nos

1019 3608 1070 3651 «et
1088 3596 1149 3651 illos
1171 3597 1310 3652 diremit».
1330 3598 1408 3651 Fam.
1427 3595 1487 3650 lue.
1505 3597 1567 3669 Epi-

1016 3682 1117 3752 sulm.
1140 3682 1268 3738 Secondo
1277 3682 1401 3737 Orrouu
1408 3682 1433 3735 di
1444 3682 1565 3751 Frisinga

1018 3782 1074 3820 uno
1092 3764 1212 3820 soltanto
1231 3766 1273 3818 dei
1292 3764 1413 3819 tedeschi
1428 3763 1457 3818 fu
1473 3765 1566 3819 ucciso

1018 3864 1104 3902 euno
1123 3846 1190 3902 fatto
1209 3847 1333 3918 prigione
1347 3848 1395 3917 (II,
1410 3847 1425 3918 ς
1441 3847 1501 3917 33);
1521 3863 1566 3900 ma

1020 3929 1056 3986 Ο.
1067 3930 1192 3985 Mouuua
1202 3931 1274 3985 dice:
1290 3950 1305 3981 e
1315 3929 1392 3984 multi
1409 3931 1442 3984 ab
1453 3943 1566 4001 utraque

1020 4016 1156 4087 «partein
1171 4031 1269 4086 campo
1282 4013 1422 4082 interlecti,
1435 4014 1567 4087 multique

1020 4100 1185 4167 «vulnerati,
1200 4099 1319 4171 plerique
1338 4100 1421 4154 etiam
1436 4115 1468 4154 ex
1491 4101 1567 4171 equis

1020 4205 1035 4236 e
1046 4197 1108 4240 sunt
1123 4186 1218 4240 deiecti
1228 4205 1252 4239 u.
1270 4185 1341 4256 597⁴.

410 4270 518 4324 «servis
528 4270 627 4324 nostris
635 4269 733 4324 occisis
743 4282 770 4324 et
777 4270 956 4325 cardinalibus
985 4268 1046 4340 678.
1058 4269 1138 4325 Cordi
1152 4273 1231 4325 eciam
1249 4270 1323 4333 naias,
1342 4269 1369 4323 la
1383 4282 1469 4324 stessa
1487 4271 1567 4324 tmesi

409 4377 424 4407 u
434 4355 564 4426 spoliatis,
568 4371 667 4426 papam
675 4371 771 4426 capere
777 4356 956 4411 intendebant.

410 4440 492 4494 «Nos
503 4456 568 4495 vero
582 4438 681 4495 deforis
693 4441 835 4511 strepitum
849 4440 958 4496 audien·

410 4538 483 4591 «tes,
499 4525 595 4579 armati
606 4541 654 4596 per
669 4542 762 4580 muros
778 4526 912 4592 irruimus,
931 4538 958 4580 et

1020 4371 1067 4426 per
1086 4354 1233 4410 Cardinales
1257 4355 1279 4409 si
1298 4349 1376 4409 trova
1401 4356 1428 4408 in
1448 4354 1568 4412 corna.

1020 4439 1135 4494 Virrius.
1153 4439 1227 4495 Gesta
1239 4439 1310 4494 frid.
1328 4455 1392 4510 304:

1040 4537 1092 4571 (turdi
1104 4537 1159 4572 simul
1169 4538 1221 4572 nolu
1232 4538 1309 4572 luerunt
1320 4538 1373 4580 qual
1385 4537 1414 4572 bla
1425 4537 1511 4572 duodeni.

295 4647 298 4650 <
411 4621 492 4663 «tota
511 4609 553 4663 die
569 4626 632 4663 cum
648 4610 780 4664 Romanis
800 4606 1044 4665 conflictumsc'abo.
1060 4606 1104 4663 cf.
1119 4607 1209 4663 Vnae.
1224 4609 1288 4664 Aen.
1303 4608 1350 4674 lX,
1365 4605 1444 4677 7667

411 4692 574 4758 «habentes,
583 4708 679 4746 eorum
689 4709 757 4762 pene
770 4692 845 4746 mille
858 4691 958 4748 occidi·
985 4691 1045 4762 683.
1061 4692 1104 4748 Cf.
1116 4693 1205 4748 Vnae.
1221 4695 1285 4748 Aen.
1298 4691 1345 4759 IX,
1361 4690 1450 4766 3954.

412 4793 497 4830 «mus
516 4787 542 4831 et
560 4777 588 4829 in
601 4775 703 4848 Tyberi
717 4777 913 4832 submersimus
932 4790 958 4832 et
985 4776 1046 4847 687.
1059 4778 1149 4833 Varo.
1164 4778 1253 4848 Georg.
1267 4778 1301 4843 11,
1316 4776 1374 4847 364.
