<?xml version="1.0" encoding="UTF-8"?>
<!DOCTYPE html PUBLIC "-//W3C//DTD XHTML 1.0 Transitional//EN"
    "http://www.w3.org/TR/xhtml1/DTD/xhtml1-transitional.dtd">
<html xmlns="http://www.w3.org/1999/xhtml" xml:lang="en" lang="en">
 <head>
  <title>
</title>
<meta http-equiv="Content-Type" content="text/html;charset=utf-8" />
  <meta name='ocr-system' content='tesseract 3.04.00' />
  <meta name='ocr-capabilities' content='ocr_page ocr_carea ocr_par ocr_line ocrx_word'/>
</head>
<body>
  <div class='ocr_page' id='page_1' title='image "./gestadifederico00monagoog_0175.png"; bbox 0 0 3300 5796; ppageno 0'>
   <div class='ocr_carea' id='block_1_1' title="bbox 560 481 1017 540">
    <p class='ocr_par' dir='ltr' id='par_1_1' title="bbox 560 481 1017 540">
     <span class='ocr_line' id='line_1_1' title="bbox 560 481 1017 540; baseline 0.004 -2"><span class='ocrx_word' id='word_1_1' title='bbox 560 481 687 538; x_wconf 79' lang='lat' dir='ltr'>GESTA</span> <span class='ocrx_word' id='word_1_2' title='bbox 712 484 752 539; x_wconf 86' lang='lat' dir='ltr'>Di</span> <span class='ocrx_word' id='word_1_3' title='bbox 778 483 967 540; x_wconf 81' lang='lat' dir='ltr'>FEDERICO</span> <span class='ocrx_word' id='word_1_4' title='bbox 995 484 1017 540; x_wconf 86' lang='lat'>1.</span> 
     </span>
    </p>
   </div>
   <div class='ocr_carea' id='block_1_2' title="bbox 195 721 1179 1171">
    <p class='ocr_par' dir='ltr' id='par_1_2' title="bbox 195 721 1179 1171">
     <span class='ocr_line' id='line_1_2' title="bbox 195 721 1167 823; baseline -0.002 -21"><span class='ocrx_word' id='word_1_5' title='bbox 195 754 282 821; x_wconf 83' lang='lat'><em>3340</em></span> <span class='ocrx_word' id='word_1_6' title='bbox 330 733 480 823; x_wconf 90' lang='lat' dir='ltr'><strong>Cumque</strong></span> <span class='ocrx_word' id='word_1_7' title='bbox 498 753 622 823; x_wconf 82' lang='lat' dir='ltr'>pararet</span> <span class='ocrx_word' id='word_1_8' title='bbox 639 758 695 802; x_wconf 83' lang='lat' dir='ltr'>rex</span> <span class='ocrx_word' id='word_1_9' title='bbox 712 736 827 802; x_wconf 86' lang='lat' dir='ltr'>iterum</span> <span class='ocrx_word' id='word_1_10' title='bbox 847 721 1028 802; x_wconf 84' lang='lat' dir='ltr'>discrimina</span> <span class='ocrx_word' id='word_1_11' title='bbox 1046 735 1167 816; x_wconf 81' lang='lat' dir='ltr'>martis,</span> 
     </span>
     <span class='ocr_line' id='line_1_3' title="bbox 328 848 1179 941; baseline 0.001 -24"><span class='ocrx_word' id='word_1_12' title='bbox 328 848 441 918; x_wconf 80' lang='lat' dir='ltr'>Turba</span> <span class='ocrx_word' id='word_1_13' title='bbox 459 849 579 920; x_wconf 91' lang='lat' dir='ltr'>ducum</span> <span class='ocrx_word' id='word_1_14' title='bbox 599 851 694 918; x_wconf 88' lang='lat' dir='ltr'>tristis</span> <span class='ocrx_word' id='word_1_15' title='bbox 712 849 828 941; x_wconf 82' lang='lat' dir='ltr'>pauido</span> <span class='ocrx_word' id='word_1_16' title='bbox 847 852 912 918; x_wconf 90' lang='lat' dir='ltr'>coit</span> <span class='ocrx_word' id='word_1_17' title='bbox 929 848 1070 940; x_wconf 91' lang='lat' dir='ltr'>undique</span> <span class='ocrx_word' id='word_1_18' title='bbox 1088 849 1179 918; x_wconf 86' lang='lat' dir='ltr'>uultu</span> 
     </span>
     <span class='ocr_line' id='line_1_4' title="bbox 328 965 1082 1055; baseline 0.001 -22"><span class='ocrx_word' id='word_1_19' title='bbox 328 966 369 1033; x_wconf 87' lang='lat' dir='ltr'>Et</span> <span class='ocrx_word' id='word_1_20' title='bbox 386 985 478 1054; x_wconf 84' lang='lat' dir='ltr'>rogat</span> <span class='ocrx_word' id='word_1_21' title='bbox 496 989 514 1033; x_wconf 92' lang='lat' dir='ltr'>e</span> <span class='ocrx_word' id='word_1_22' title='bbox 532 966 640 1033; x_wconf 83' lang='lat' dir='ltr'>castris</span> <span class='ocrx_word' id='word_1_23' title='bbox 657 968 763 1055; x_wconf 87' lang='lat' dir='ltr'>ipsum</span> <span class='ocrx_word' id='word_1_24' title='bbox 781 965 942 1034; x_wconf 86' lang='lat' dir='ltr'>discedere</span> <span class='ocrx_word' id='word_1_25' title='bbox 959 988 1082 1047; x_wconf 87' lang='lat' dir='ltr'>secum,</span> 
     </span>
     <span class='ocr_line' id='line_1_5' title="bbox 329 1080 1131 1171; baseline -0.004 -21"><span class='ocrx_word' id='word_1_26' title='bbox 329 1081 382 1151; x_wconf 90' lang='lat' dir='ltr'>Ne</span> <span class='ocrx_word' id='word_1_27' title='bbox 400 1080 507 1150; x_wconf 82' lang='lat' dir='ltr'>uideat</span> <span class='ocrx_word' id='word_1_28' title='bbox 524 1104 617 1150; x_wconf 79' lang='lat' dir='ltr'>seuas</span> <span class='ocrx_word' id='word_1_29' title='bbox 635 1082 753 1171; x_wconf 80' lang='lat' dir='ltr'>passim</span> <span class='ocrx_word' id='word_1_30' title='bbox 772 1081 846 1150; x_wconf 78' lang='lat' dir='ltr'>dare</span> <span class='ocrx_word' id='word_1_31' title='bbox 863 1101 954 1170; x_wconf 84' lang='lat' dir='ltr'>terga</span> <span class='ocrx_word' id='word_1_32' title='bbox 973 1081 1131 1149; x_wconf 87' lang='lat' dir='ltr'>cohortes.</span> 
     </span>
    </p>
   </div>
   <div class='ocr_carea' id='block_1_3' title="bbox 393 1327 1255 1647">
    <p class='ocr_par' dir='ltr' id='par_1_3' title="bbox 393 1327 1255 1647">
     <span class='ocr_line' id='line_1_6' title="bbox 650 1327 1255 1431; baseline -0.002 -35"><span class='ocrx_word' id='word_1_33' title='bbox 650 1328 822 1418; x_wconf 74' lang='lat' dir='ltr'>Explicimtt</span> <span class='ocrx_word' id='word_1_34' title='bbox 843 1327 934 1396; x_wconf 75' lang='lat' dir='ltr'>Gesta</span> <span class='ocrx_word' id='word_1_35' title='bbox 1252 1424 1255 1431; x_wconf 25' lang='grc' dir='ltr'>Ι</span> 
     </span>
     <span class='ocr_line' id='line_1_7' title="bbox 393 1441 1187 1532; baseline -0.001 -22"><span class='ocrx_word' id='word_1_36' title='bbox 393 1455 450 1532; x_wconf 82' lang='lat' dir='ltr'>per</span> <span class='ocrx_word' id='word_1_37' title='bbox 466 1443 680 1532; x_wconf 75' lang='lat' dir='ltr'>Imperatorem</span> <span class='ocrx_word' id='word_1_38' title='bbox 697 1441 892 1510; x_wconf 75' lang='lat' dir='ltr'>federicbum</span> <span class='ocrx_word' id='word_1_39' title='bbox 909 1441 1046 1510; x_wconf 84' lang='lat' dir='ltr'><em>Barbam</em></span> <span class='ocrx_word' id='word_1_40' title='bbox 1063 1442 1187 1510; x_wconf 81' lang='lat' dir='ltr'>rubeam</span> 
     </span>
     <span class='ocr_line' id='line_1_8' title="bbox 516 1556 1076 1647; baseline -0.004 -23"><span class='ocrx_word' id='word_1_41' title='bbox 516 1560 549 1624; x_wconf 79' lang='lat' dir='ltr'>in</span> <span class='ocrx_word' id='word_1_42' title='bbox 561 1557 700 1647; x_wconf 68' lang='lat' dir='ltr'>partibo</span> <span class='ocrx_word' id='word_1_43' title='bbox 717 1557 899 1625; x_wconf 64' lang='lat' dir='ltr'>hembardic</span> <span class='ocrx_word' id='word_1_44' title='bbox 917 1571 944 1625; x_wconf 76' lang='lat' dir='ltr'>cc</span> <span class='ocrx_word' id='word_1_45' title='bbox 969 1556 1076 1625; x_wconf 77' lang='lat' dir='ltr'>Ytalic.</span> 
     </span>
    </p>
   </div>
   <div class='ocr_carea' id='block_1_4' title="bbox 203 1907 1395 2046">
    <p class='ocr_par' dir='ltr' id='par_1_4' title="bbox 203 1907 1395 2046">
     <span class='ocr_line' id='line_1_9' title="bbox 256 1907 1395 1968; baseline -0.013 1"><span class='ocrx_word' id='word_1_46' title='bbox 256 1907 1395 1968; x_wconf 67' lang='lat' dir='ltr'>3³⁴3·Don⁰mparctesmrtuopoein‚pemmcrepmm,momeo-m</span> 
     </span>
     <span class='ocr_line' id='line_1_10' title="bbox 203 1989 622 2046; baseline 0 -12"><span class='ocrx_word' id='word_1_47' title='bbox 203 1989 622 2046; x_wconf 56' lang='lat' dir='ltr'>mmmmm.</span> 
     </span>
    </p>
   </div>
   <div class='ocr_carea' id='block_1_5' title="bbox 207 2149 1400 2730">
    <p class='ocr_par' dir='ltr' id='par_1_5' title="bbox 207 2149 1400 2730">
     <span class='ocr_line' id='line_1_11' title="bbox 207 2149 1397 2225; baseline 0.003 -23"><span class='ocrx_word' id='word_1_48' title='bbox 207 2166 283 2223; x_wconf 76' lang='lat'><em>3343.</em></span> <span class='ocrx_word' id='word_1_49' title='bbox 304 2153 414 2223; x_wconf 76' lang='lat' dir='ltr'>«„.ipse</span> <span class='ocrx_word' id='word_1_50' title='bbox 431 2169 541 2225; x_wconf 91' lang='lat' dir='ltr'>qnoque</span> <span class='ocrx_word' id='word_1_51' title='bbox 560 2154 707 2223; x_wconf 82' lang='lat' dir='ltr'>imperator</span> <span class='ocrx_word' id='word_1_52' title='bbox 729 2168 792 2206; x_wconf 91' lang='lat' dir='ltr'>cum</span> <span class='ocrx_word' id='word_1_53' title='bbox 850 2168 935 2206; x_wconf 80' lang='lat' dir='ltr'>«sam</span> <span class='ocrx_word' id='word_1_54' title='bbox 953 2151 987 2205; x_wconf 90' lang='lat' dir='ltr'>de</span> <span class='ocrx_word' id='word_1_55' title='bbox 1005 2150 1120 2205; x_wconf 87' lang='lat' dir='ltr'>nubibus</span> <span class='ocrx_word' id='word_1_56' title='bbox 1138 2152 1235 2216; x_wconf 84' lang='lat' dir='ltr'>emisit,</span> <span class='ocrx_word' id='word_1_57' title='bbox 1258 2160 1289 2204; x_wconf 86' lang='lat' dir='ltr'>ut</span> <span class='ocrx_word' id='word_1_58' title='bbox 1306 2149 1397 2206; x_wconf 86' lang='lat' dir='ltr'>nullus</span> 
     </span>
     <span class='ocr_line' id='line_1_12' title="bbox 241 2235 1396 2307; baseline 0.002 -20"><span class='ocrx_word' id='word_1_59' title='bbox 241 2237 361 2307; x_wconf 79' lang='lat' dir='ltr'>«paucis</span> <span class='ocrx_word' id='word_1_60' title='bbox 380 2236 415 2289; x_wconf 77' lang='lat' dir='ltr'>ad</span> <span class='ocrx_word' id='word_1_61' title='bbox 440 2252 471 2290; x_wconf 90' lang='lat' dir='ltr'>se</span> <span class='ocrx_word' id='word_1_62' title='bbox 497 2236 618 2291; x_wconf 79' lang='lat' dir='ltr'>collectis</span> <span class='ocrx_word' id='word_1_63' title='bbox 637 2238 666 2291; x_wconf 92' lang='lat' dir='ltr'>in</span> <span class='ocrx_word' id='word_1_64' title='bbox 684 2238 744 2306; x_wconf 82' lang='lat' dir='ltr'>giro</span> <span class='ocrx_word' id='word_1_65' title='bbox 762 2251 792 2289; x_wconf 92' lang='lat' dir='ltr'>se</span> <span class='ocrx_word' id='word_1_66' title='bbox 849 2236 991 2289; x_wconf 77' lang='lat' dir='ltr'>«aliorum</span> <span class='ocrx_word' id='word_1_67' title='bbox 1009 2235 1161 2289; x_wconf 86' lang='lat' dir='ltr'>discernere</span> <span class='ocrx_word' id='word_1_68' title='bbox 1181 2245 1274 2306; x_wconf 88' lang='lat' dir='ltr'>posset</span> <span class='ocrx_word' id='word_1_69' title='bbox 1288 2246 1335 2288; x_wconf 83' lang='lat' dir='ltr'>ant</span> <span class='ocrx_word' id='word_1_70' title='bbox 1349 2251 1396 2289; x_wconf 74' lang='lat' dir='ltr'>co</span> 
     </span>
     <span class='ocr_line' id='line_1_13' title="bbox 241 2318 1397 2392; baseline 0.001 -21"><span class='ocrx_word' id='word_1_71' title='bbox 241 2332 472 2392; x_wconf 79' lang='lat' dir='ltr'>«congesserunt,</span> <span class='ocrx_word' id='word_1_72' title='bbox 486 2332 515 2374; x_wconf 89' lang='lat' dir='ltr'>ut</span> <span class='ocrx_word' id='word_1_73' title='bbox 533 2320 637 2392; x_wconf 83' lang='lat' dir='ltr'>spicula</span> <span class='ocrx_word' id='word_1_74' title='bbox 651 2322 793 2374; x_wconf 77' lang='lat' dir='ltr'>adversan-</span> <span class='ocrx_word' id='word_1_75' title='bbox 849 2336 1017 2392; x_wconf 78' lang='lat' dir='ltr'>«gnoscere.</span> <span class='ocrx_word' id='word_1_76' title='bbox 1058 2318 1157 2391; x_wconf 89' lang='lat' dir='ltr'>Sicque</span> <span class='ocrx_word' id='word_1_77' title='bbox 1179 2318 1282 2372; x_wconf 77' lang='lat' dir='ltr'>sactum</span> <span class='ocrx_word' id='word_1_78' title='bbox 1300 2329 1349 2385; x_wconf 89' lang='lat' dir='ltr'>est,</span> <span class='ocrx_word' id='word_1_79' title='bbox 1367 2329 1397 2372; x_wconf 91' lang='lat' dir='ltr'>ut</span> 
     </span>
     <span class='ocr_line' id='line_1_14' title="bbox 243 2403 1399 2478; baseline 0 -20"><span class='ocrx_word' id='word_1_80' title='bbox 243 2407 338 2460; x_wconf 79' lang='lat' dir='ltr'>«tium</span> <span class='ocrx_word' id='word_1_81' title='bbox 359 2417 471 2478; x_wconf 82' lang='lat' dir='ltr'>possent</span> <span class='ocrx_word' id='word_1_82' title='bbox 495 2406 622 2477; x_wconf 82' lang='lat' dir='ltr'>effugere</span> <span class='ocrx_word' id='word_1_83' title='bbox 665 2405 792 2461; x_wconf 82' lang='lat' dir='ltr'>Tandem</span> <span class='ocrx_word' id='word_1_84' title='bbox 850 2403 1399 2476; x_wconf 75' lang='lat' dir='ltr'>eimperatorsupplicationesuorumde·</span> 
     </span>
     <span class='ocr_line' id='line_1_15' title="bbox 243 2487 1400 2562; baseline 0.002 -22"><span class='ocrx_word' id='word_1_85' title='bbox 243 2490 346 2545; x_wconf 84' lang='lat' dir='ltr'>«Deus</span> <span class='ocrx_word' id='word_1_86' title='bbox 364 2507 397 2545; x_wconf 84' lang='lat' dir='ltr'>ex</span> <span class='ocrx_word' id='word_1_87' title='bbox 416 2490 472 2544; x_wconf 80' lang='lat' dir='ltr'>alto</span> <span class='ocrx_word' id='word_1_88' title='bbox 490 2502 676 2562; x_wconf 85' lang='lat' dir='ltr'>prospectans,</span> <span class='ocrx_word' id='word_1_89' title='bbox 694 2501 724 2543; x_wconf 87' lang='lat' dir='ltr'>ut</span> <span class='ocrx_word' id='word_1_90' title='bbox 738 2506 792 2543; x_wconf 90' lang='lat' dir='ltr'>ser·</span> <span class='ocrx_word' id='word_1_91' title='bbox 850 2509 865 2539; x_wconf 76' lang='lat' dir='ltr'>e</span> <span class='ocrx_word' id='word_1_92' title='bbox 876 2488 960 2543; x_wconf 81' lang='lat' dir='ltr'>flexus</span> <span class='ocrx_word' id='word_1_93' title='bbox 982 2505 998 2541; x_wconf 86' lang='lat' dir='ltr'>a</span> <span class='ocrx_word' id='word_1_94' title='bbox 1022 2505 1120 2559; x_wconf 84' lang='lat' dir='ltr'>campo</span> <span class='ocrx_word' id='word_1_95' title='bbox 1143 2487 1297 2543; x_wconf 76' lang='lat' dir='ltr'>certaminis</span> <span class='ocrx_word' id='word_1_96' title='bbox 1320 2487 1400 2542; x_wconf 87' lang='lat' dir='ltr'>cede·</span> 
     </span>
     <span class='ocr_line' id='line_1_16' title="bbox 243 2571 1398 2644; baseline 0 -19"><span class='ocrx_word' id='word_1_97' title='bbox 243 2590 337 2627; x_wconf 86' lang='lat' dir='ltr'>«vum</span> <span class='ocrx_word' id='word_1_98' title='bbox 357 2591 437 2628; x_wconf 87' lang='lat' dir='ltr'>suum</span> <span class='ocrx_word' id='word_1_99' title='bbox 458 2574 590 2641; x_wconf 82' lang='lat' dir='ltr'>liberaret,</span> <span class='ocrx_word' id='word_1_100' title='bbox 611 2591 646 2628; x_wconf 89' lang='lat' dir='ltr'>eo</span> <span class='ocrx_word' id='word_1_101' title='bbox 668 2586 792 2644; x_wconf 88' lang='lat' dir='ltr'>tempore</span> <span class='ocrx_word' id='word_1_102' title='bbox 850 2584 916 2627; x_wconf 77' lang='lat' dir='ltr'>«ret</span> <span class='ocrx_word' id='word_1_103' title='bbox 929 2594 953 2625; x_wconf 81' lang='lat'>».</span> <span class='ocrx_word' id='word_1_104' title='bbox 999 2572 1167 2627; x_wconf 65' lang='lat' dir='ltr'>sorensem</span> <span class='ocrx_word' id='word_1_105' title='bbox 1190 2583 1217 2627; x_wconf 89' lang='lat' dir='ltr'>et</span> <span class='ocrx_word' id='word_1_106' title='bbox 1240 2571 1398 2627; x_wconf 71' lang='lat' dir='ltr'>Cuonnonr</span> 
     </span>
     <span class='ocr_line' id='line_1_17' title="bbox 243 2655 1104 2730; baseline 0.003 -21"><span class='ocrx_word' id='word_1_107' title='bbox 243 2676 259 2708; x_wconf 76' lang='grc' dir='ltr'>ι</span> <span class='ocrx_word' id='word_1_108' title='bbox 269 2657 390 2730; x_wconf 78' lang='lat' dir='ltr'>pluviam</span> <span class='ocrx_word' id='word_1_109' title='bbox 399 2659 588 2714; x_wconf 84' lang='lat' dir='ltr'>densissimam</span> <span class='ocrx_word' id='word_1_110' title='bbox 596 2669 623 2713; x_wconf 91' lang='lat' dir='ltr'>et</span> <span class='ocrx_word' id='word_1_111' title='bbox 629 2668 794 2730; x_wconf 79' lang='lat' dir='ltr'>tempestuo·</span> <span class='ocrx_word' id='word_1_112' title='bbox 850 2657 935 2712; x_wconf 66' lang='lat' dir='ltr'>Urso.</span> <span class='ocrx_word' id='word_1_113' title='bbox 951 2655 1046 2711; x_wconf 64' lang='lat' dir='ltr'>Chion</span> <span class='ocrx_word' id='word_1_114' title='bbox 1061 2672 1104 2723; x_wconf 87' lang='lat'>42.</span> 
     </span>
    </p>
   </div>
   <div class='ocr_carea' id='block_1_6' title="bbox 0 0 1690 5796">
    <p class='ocr_par' dir='ltr' id='par_1_6' title="bbox 0 0 1690 5796">
     <span class='ocr_line' id='line_1_18' title="bbox 0 0 1690 5796; baseline 0 0"><span class='ocrx_word' id='word_1_115' title='bbox 0 0 1690 5796; x_wconf 95' lang='lat' dir='ltr'> </span> 
     </span>
    </p>
   </div>
  </div>
 </body>
</html>
