3300 5796
617 549 866 604 ANONIMO

286 798 324 864 Et
343 795 490 864 dubitans
508 815 688 886 promptam
707 797 860 864 Vintelmi
880 796 1016 865 consulit
1035 815 1148 878 artem,
1255 799 1323 882 1825

285 911 376 992 Quid
394 913 434 980 sit
452 935 544 1001 opus,
563 912 646 980 facto
664 936 741 1001 qu0‚
762 937 795 980 se
814 932 909 1002 queat
927 915 994 1001 ipsa
1013 915 1106 994 tueri,

285 1026 491 1116 Consilioque
511 1028 570 1095 uiri
588 1027 710 1096 fossam
729 1028 929 1097 circumfodit
947 1028 1016 1096 urbi

282 1143 360 1210 Non
379 1140 551 1224 modicam,
569 1144 667 1231 portis
685 1143 817 1211 firmatis
836 1143 946 1212 ordine
964 1146 1049 1211 senis

284 1260 322 1326 Et
341 1261 431 1327 struit
448 1260 645 1327 immensum
664 1259 749 1328 fosse
767 1283 862 1348 super
880 1283 996 1348 aggere
1016 1259 1147 1341 uallum,

282 1374 452 1443 Includens
471 1393 593 1444 ueteres
612 1395 644 1443 et
662 1376 760 1464 longa
778 1375 926 1443 suburbia
945 1399 1066 1457 muros,
1252 1378 1324 1461 1830

283 1490 412 1558 Grande
431 1514 512 1579 opus
532 1511 563 1558 et
582 1491 683 1558 multo
703 1491 832 1559 tandem
851 1491 965 1559 sudore
985 1508 1160 1580 peractum.

283 1606 433 1695 Cumque
452 1608 554 1695 magis
573 1607 658 1673 same
677 1607 782 1693 grams
801 1607 1043 1674 increbresceret
1061 1606 1186 1688 horror,

280 1721 460 1789 Barbaricas
478 1721 617 1790 referens
636 1746 749 1810 regum
768 1725 911 1811 propiare
931 1743 1082 1805 cateruas,

278 1836 428 1925 Vndique
447 1836 577 1926 dispersi
597 1839 681 1905 ciues
700 1857 889 1905 reuocentur
908 1838 945 1905 ad
965 1839 1086 1919 urbem,
1202 1916 1205 1924 Ι

279 1950 348 2031 Qui
367 1952 461 2019 uariis
480 1952 605 2020 castella
623 1952 700 2019 locis
719 1972 896 2042 pontesque
915 1954 1065 2021 tenebant
1252 1955 1323 2038 1835

279 2066 451 2135 Seruantes
469 2068 578 2156 populi
595 2068 692 2149 iussu,
712 2068 858 2135 mercede
876 2089 1009 2158 recepta.

278 2183 370 2251 Tum
389 2201 516 2271 ceptum
534 2183 665 2251 aduersa
683 2184 817 2272 reparari
836 2204 920 2252 sorte
940 2185 1122 2252 Lomellum

277 2297 455 2385 Linquitur,
475 2315 506 2364 et
524 2315 648 2366 tantum
667 2296 780 2365 frustra
799 2298 990 2387 impendisse
1010 2299 1152 2366 laborem

277 2413 402 2479 Penitet
421 2435 456 2479 ac
475 2431 640 2500 sumptum
658 2432 795 2480 rectores
814 2414 998 2494 Mediolani,

276 2529 316 2594 Et
334 2527 487 2594 Terdona
506 2528 570 2595 suis
589 2529 701 2596 sinitur
719 2529 873 2597 seruanda
892 2529 1013 2597 colonis
1249 2532 1326 2615 1840

273 2641 325 2709 Ad
344 2642 476 2730 patriam
495 2641 626 2714 tandem
645 2644 734 2711 sotiis
752 2644 956 2712 redeuntibus
975 2643 1096 2711 urbem.

274 2758 454 2827 Destruitur
471 2756 578 2846 pulcra
598 2757 766 2826 fundatum
785 2759 860 2826 sede
879 2760 1032 2841 Maleum,

274 2871 375 2952 Quod
395 2872 461 2939 uisa
481 2890 529 2938 est
547 2871 660 2939 frustra
678 2873 764 2961 prius
784 2897 967 2961 expugnare
989 2875 1162 2942 Cremona.
1255 2930 1256 2935 ,

272 2987 359 3053 Pons
377 3008 505 3074 quoque
524 2985 693 3054 destruitur
712 3011 860 3074 magnus,
879 3011 976 3076 quem
994 3007 1149 3056 struxerat
1168 3008 1233 3054 arte

269 3100 452 3170 Vintelmus
471 3101 560 3180 mira,
582 3100 720 3168 trabibus
738 3100 914 3190 tabulisque
932 3105 1045 3191 paratis
1148 3180 1152 3191 ἱ
1245 3105 1322 3188 1845

269 3216 400 3286 finibus
419 3217 568 3296 externis,
587 3235 717 3303 sumptu
736 3216 833 3284 simul
851 3234 945 3305 atque
964 3218 1080 3286 labore.

267 3334 356 3402 Gens
376 3332 515 3421 dispersa
535 3331 612 3398 locis
630 3331 762 3418 patriam
782 3330 863 3419 fugit
882 3333 987 3399 omnis
1007 3332 1046 3399 ad
1066 3333 1190 3414 urbem,

266 3448 421 3517 Pontibus
441 3468 472 3516 et
492 3448 598 3514 castris
618 3446 710 3513 uariis
730 3446 803 3513 hinc
822 3445 895 3512 inde
914 3446 1039 3519 relictis.

266 3564 444 3633 Discedunt
461 3562 575 3644 timidi,
596 3561 721 3629 deserto
739 3583 821 3640 rure,
839 3560 947 3631 coloni

265 3681 391 3770 Vixque
410 3679 493 3768 capit
511 3700 667 3765 magnum
687 3676 845 3764 fugientes
866 3675 1097 3743 Mediolanum.
1243 3681 1325 3764 1850

265 3796 361 3864 Haud
379 3819 470 3864 secus
489 3793 640 3861 infestum
660 3791 810 3880 gregibus
831 3813 933 3877 genus
953 3812 1023 3857 acre
1043 3789 1191 3878 luporum

132 4030 303 4090 1114140101]
319 4028 374 4075 Cod.
389 4016 414 4085 3⁹

131 4248 205 4318 ¹827.
222 4245 265 4303 Cf.
278 4245 386 4300 Lucan.
402 4245 487 4300 Phars.
505 4241 551 4309 IV,
568 4256 609 4311 29.
772 4237 841 4292 Frid.
861 4236 894 4301 ΙΙ,
915 4235 929 4305 §
955 4250 993 4302 51.
1014 4251 1052 4303 «5
1075 4235 1133 4290 Kal.
1158 4237 1232 4309 Sept.
1256 4256 1322 4309 1157

132 4334 204 4401 1832.
220 4329 263 4385 cf.
277 4329 365 4386 Vetto.
382 4332 445 4385 Aen.
462 4328 521 4393 XII,
535 4325 629 4394 406-7.
773 4341 788 4371 <r
799 4317 1017 4373 Mediolanenses
1046 4317 1251 4374 redificaverunt
1273 4323 1323 4376 Lo·

131 4416 159 4469 18
165 4428 203 4485 37.
217 4434 230 4465 e
242 4413 283 4468 De
297 4428 391 4468 mense
402 4411 519 4482 Augusti
530 4411 624 4479 (1157)
635 4409 709 4479 quin·
774 4403 935 4458 «melum».
952 4403 1033 4456 Notae
1053 4403 1078 4456 S.
1099 4404 1202 4475 Georgii
1218 4407 1321 4460 Mediol.

163 4513 239 4569 rique
260 4508 353 4569 portae
376 4494 620 4550 Mediolanensium
640 4489 708 4543 ultra
772 4491 823 4544 loc.
838 4489 880 4542 cit.

162 4579 316 4636 ‹r'l'iciuum
342 4581 550 4651 equitaverunt...
570 4589 597 4630 et
621 4587 707 4629 castra
740 4578 812 4642 1842.
829 4573 872 4628 Cf.
888 4573 907 4627 il
923 4574 978 4627 Lib.
994 4574 1056 4626 trist.
1072 4579 1095 4626 ct
1108 4572 1155 4627 dol.
1177 4571 1248 4642 3⁶5⁸·

162 4686 174 4716 a
187 4665 278 4720 arietati
295 4665 401 4721 suntad
415 4661 579 4727 Lomcllum,
595 4673 622 4715 ct
634 4659 708 4714 rche·
739 4663 846 4727 1844-5.
861 4657 1006 4714 (18811110.
1020 4658 1084 4711 Aen.
1098 4657 1144 4721 IX,
1160 4672 1217 4724 304.

161 4747 362 4805 «attinuerunt
380 4747 446 4802 illud
466 4757 618 4802 castrum».
649 4745 706 4799 Lib.
739 4742 812 4810 1846.
827 4742 860 4795 V.
874 4740 900 4794 la
914 4751 979 4794 nota
993 4738 1018 4791 al
1031 4756 1055 4791 v.
1076 4737 1150 4805 1646.

160 4835 220 4891 trist.
239 4833 326 4889 11801.
348 4832 411 4903 3643
432 4831 464 4887 cs.
491 4832 605 4888 Orrou.
633 4830 706 4885 Gesta
738 4828 810 4895 1851.
827 4825 916 4879 Vnae.
934 4824 1024 4893 Georg.
1040 4821 1086 4886 ΙΙΙ,
1102 4821 1160 4886 264.
