3300 5796
833 538 1083 595 ANONIMO

1320 663 1553 672 ...-—.-—-——

501 791 590 859 Gens
607 812 755 877 peruersa
774 788 862 856 ducis
880 787 1005 876 proprie
1024 784 1107 852 mala
1126 785 1253 852 conscia
1274 783 1367 873 culpe
1476 805 1553 869 1940

499 905 644 994 Negligit
662 924 693 973 et
712 905 794 973 iusto
813 903 917 972 renuit
935 926 969 970 se
987 899 1120 969 subdere
1138 901 1217 988 regi,

502 1021 602 1088 Cuius
621 1042 688 1087 non
707 1019 806 1087 ualuit
825 1018 917 1086 donis
936 1034 1114 1106 peruertere
1133 1035 1287 1084 mentem.

501 1137 554 1204 Sic
573 1155 644 1204 tuus
665 1136 767 1203 oranti
784 1135 932 1224 populus,
952 1132 1150 1215 ierosolima,
1169 1133 1237 1220 regi

501 1251 643 1320 Subdere
662 1274 695 1319 se
714 1250 829 1319 nolens
847 1249 972 1317 homini
990 1270 1097 1337 parere
1116 1246 1261 1334 negauit3

501 1369 557 1435 Set
575 1369 675 1449 Deus,
693 1366 868 1434 innumeris
887 1364 1027 1432 offensus
1047 1362 1183 1451 denique
1202 1360 1313 1450 culpis,
1476 1382 1550 1446 1945

501 1482 683 1552 Obsidione
703 1483 771 1570 capi
790 1481 944 1571 populum
964 1481 1105 1569 permisit
1124 1499 1277 1560 amatum,

502 1599 564 1666 Cui
582 1599 666 1686 prius
685 1599 869 1665 inmensum
889 1596 1016 1665 dederat
1034 1596 1173 1685 placatus
1192 1594 1363 1661 honorem.

501 1716 653 1802 Dumque
672 1713 767 1781 simul
786 1736 859 1781 cum
878 1735 954 1800 rege
973 1711 1070 1779 duces
1088 1711 1128 1779 de
1146 1710 1239 1778 rebus
1259 1707 1393 1797 agendis

502 1830 700 1911 Tractarent,
719 1829 812 1897 uariis
831 1828 999 1897 uoluentes
1018 1827 1144 1915 singula
1162 1826 1263 1907 dictis,

501 1946 582 2012 Ecce
602 1945 849 2026 Cremonenses,
867 1943 977 2033 populi
995 1942 1145 2010 mandata
1162 1942 1309 2022 ferentes,
1476 1961 1552 2025 1950

501 2063 653 2130 Rectores
672 2062 806 2129 ueniunt
824 2079 855 2129 et
875 2083 983 2128 coram
1002 2058 1074 2126 talia
1092 2059 1214 2142 fantur:

507 2203 523 2240 «
536 2176 675 2264 imperii,
694 2176 868 2259 frederice,
889 2174 1002 2258 decus3
1023 2175 1154 2243 uictoria
1171 2196 1298 2261 semper

506 2292 618 2360 «Laus
636 2310 669 2359 et
687 2293 792 2359 honor
810 2276 872 2358 tibi
884 2291 958 2374 sint,
977 2309 1105 2358 maneat
1123 2309 1177 2358 tua
1197 2289 1297 2377 gloria
1315 2312 1453 2377 semper.

506 2408 609 2485 «Hoc
628 2430 708 2494 gens
727 2424 835 2475 nostra
855 2407 940 2495 cupit
958 2406 1014 2474 tibi
1032 2424 1098 2474 tota
1118 2423 1225 2473 mente
1244 2403 1356 2486 fidelis,

507 2523 609 2588 «Hoc
629 2521 798 2590 dominum
815 2521 959 2610 precibus
979 2521 1128 2590 celestem
1146 2521 1309 2609 poscimus
1327 2543 1453 2587 omncs.
1477 2541 1549 2606 1955

506 2662 521 2699 «
534 2637 673 2704 Noueris
692 2638 865 2724 egregiam,
885 2637 998 2705 ductor
1017 2636 1206 2718 uenerande,
1228 2637 1426 2704 Cremonam

506 2750 706 2839 «Magnifice
725 2752 830 2834 rebus,
849 2751 921 2819 belli
938 2752 1053 2841 quibus
1072 2751 1194 2839 indiget
1213 2775 1299 2832 usus,

506 2867 581 2933 «Ut
599 2866 654 2933 tibi
673 2866 838 2934 seruitium
858 2867 950 2934 faciat
970 2890 1136 2955 magnum,
1156 2889 1225 2934 esse
1243 2884 1398 2954 paratam,

506 2981 607 3069 «Ipsa
626 2979 732 3048 cibum
750 3001 926 3070 potumque
947 2983 1008 3049 tuis
1029 2981 1102 3049 dare
1120 2980 1331 3049 sufficientem

506 3123 522 3159 a
535 3097 727 3185 Agminibus
746 3097 891 3186 spondet,
911 3098 1018 3187 precio
1037 3099 1105 3166 sine
1124 3097 1232 3165 fraude
1251 3115 1392 3186 recepto,
1476 3101 1554 3182 1960

507 3214 626 3280 «Dum
644 3212 693 3280 sol
711 3213 802 3301 signa
821 3212 886 3301 poli
906 3232 1040 3302 septeno
1059 3214 1201 3301 peruolet
1220 3213 1315 3295 orbe3

506 3328 670 3416 «Ipsaque
688 3346 837 3396 centenas
856 3346 1019 3416 promptas
1037 3328 1075 3396 ad
1094 3328 1190 3417 prelia
1208 3344 1329 3395 turmas

506 3445 672 3527 «Mittere,
691 3447 718 3510 si
736 3444 858 3527 iubeas3
878 3468 993 3513 omnes
1012 3463 1066 3512 tua
1085 3445 1176 3533 signa
1194 3467 1372 3534 sequemur.

507 3586 523 3622 α
535 3558 684 3626 Accelera
703 3578 735 3626 et
752 3559 888 3647 populos
907 3559 1013 3648 gladio
1032 3582 1200 3647 compesce
1219 3557 1383 3649 superbos,

507 3673 691 3741 «Gentibus
709 3692 744 3742 ut
764 3675 919 3762 Ligurum
938 3697 1061 3763 pacem,
1081 3674 1145 3743 dux
1165 3697 1294 3764 magne,
1314 3675 1453 3763 cupitam
1477 3677 1554 3759 1965

506 3815 522 3850 a
536 3788 706 3870 Concilies,
724 3789 878 3878 regnique
896 3789 943 3857 tui
962 3790 1077 3857 tuearis
1096 3789 1265 3858 honorem.
1370 3826 1374 3837 ·

508 3905 606 3973 «Nos
625 3904 773 3993 equidem
792 3904 943 3973 auxilium
964 3906 1126 3994 cupientes
1146 3906 1225 3973 ferre
1245 3905 1352 3994 Papie,

507 4022 580 4087 «Vt
598 4021 696 4109 pietas
715 4019 879 4109 quondam
898 4039 952 4089 tua
970 4021 1063 4089 nobis
1082 4022 1223 4103 iusserat,
1244 4043 1329 4088 arma

508 4161 524 4198 (ι
537 4136 739 4224 Sumpsimus
758 4155 789 4202 et
805 4135 887 4202 bello
907 4135 1036 4203 hostiles
1055 4137 1230 4205 inuasimus
1249 4136 1343 4203 horas

507 4252 575 4318 «Et
593 4250 717 4318 castella
736 4251 805 4317 solo
825 4248 976 4339 uillasque
995 4251 1177 4338 redegimus
1197 4251 1327 4340 amplas.
1477 4271 1559 4336 1970

508 4392 524 4428 a
537 4366 594 4433 Set
612 4385 767 4453 quantum
785 4366 888 4454 potuit
907 4388 986 4453 gens
1006 4366 1098 4433 nobis
1117 4390 1192 4435 seua
1212 4366 1397 4435 Cremensis

507 4507 523 4543 u
536 4478 663 4562 Obfuit,
682 4504 833 4549 exercens
852 4479 962 4569 predas
981 4480 1100 4549 furtum
1120 4501 1213 4572 atque
1234 4483 1357 4573 rapinas

508 4622 523 4659 «
538 4596 669 4663 finibus
689 4597 721 4663 in
741 4597 868 4680 nostris,
887 4597 989 4666 iurato
1009 4596 1115 4666 federe
1134 4617 1240 4688 rupto,

373 4849 447 4906 1957.
462 4831 551 4887 Vnno.
567 4833 620 4887 Ecl.
636 4832 669 4898 ΙΙ,
685 4847 727 4902 71.
982 4849 1057 4905 1973.
1069 4833 1177 4888 Locnu.
1192 4834 1277 4888 Phars.
1291 4835 1312 4901 1,
1328 4849 1352 4901 5.
