3300 5796
562 481 687 536 GESTA
714 480 754 533 DI
782 479 969 536 FEDERICO
998 480 1019 534 Ι.

323 729 553 819 Auxiliumque
571 747 685 817 petunt
703 726 868 796 reuerendi
885 729 1035 817 principis
1053 750 1179 795 omnes.

195 867 274 934 [345
323 848 367 914 At
385 864 474 935 pater
493 847 652 935 egregius,
670 847 836 912 miseratus
855 845 913 912 rite
932 863 1110 933 querentes,

322 961 489 1029 Auxilium
508 960 630 1050 placida
649 984 683 1029 se
702 958 839 1049 spondet
857 982 938 1026 uoce
959 958 1107 1027 daturum

325 1078 365 1144 Et
384 1095 600 1144 correcturum
620 1074 726 1164 culpas
746 1094 778 1143 et
797 1075 928 1142 crimina
946 1074 1086 1142 tandem.

326 1191 381 1259 Set
399 1214 507 1259 rursus
526 1209 680 1280 temptare
699 1191 811 1279 placet,
829 1192 856 1257 si
876 1188 1050 1258 Mediolani

325 1307 415 1375 Iussa
433 1306 533 1375 uelint
552 1308 638 1374 ciues
657 1307 725 1375 eius
743 1307 812 1374 sine
831 1303 941 1373 fraude
959 1303 1074 1373 subire.

326 1423 406 1490 Mox
425 1424 522 1511 igitur
540 1408 672 1490 mandat
689 1421 812 1511 legatos
831 1421 1052 1489 Mediolanum

326 1541 505 1629 Precipiens
524 1562 625 1628 prauo
642 1517 799 1627 populum
819 1536 968 1605 desistere
987 1536 1081 1618 bello,

327 1655 458 1725 Soluere
478 1657 631 1744 captiuos,
651 1652 778 1721 cohibet
796 1676 878 1742 quos
897 1675 1020 1721 carcere
1040 1653 1176 1733 uinctos,

328 1774 367 1840 Et
387 1773 489 1839 sinere
508 1793 634 1838 euersas
653 1769 746 1837 urbes
765 1791 907 1857 reparare
927 1768 1106 1857 domosque

328 1888 494 1956 Cumanos
513 1887 590 1954 olim
609 1887 712 1954 uictos
732 1884 913 1973 Laudisque
932 1884 1076 1952 colonos.

328 2002 405 2083 Que
424 2004 450 2071 si
469 2026 536 2069 non
556 2001 658 2083 faciet,
679 1999 819 2089 regalem
838 2000 953 2067 sentiet
971 2000 1062 2067 iram.

328 2121 387 2187 His
407 2138 515 2188 autem
535 2119 620 2186 ciues
640 2119 776 2206 acceptis
796 2114 971 2185 Mediolani

328 2234 501 2324 Magnifice
520 2233 625 2302 uerbis
644 2232 803 2301 extollunt
820 2233 907 2321 regia
925 2234 1020 2315 iussa,

330 2350 406 2431 Que
424 2349 526 2418 stabili
544 2372 670 2417 seruare
689 2347 751 2416 fide
770 2371 805 2415 se
823 2346 906 2416 uelle
924 2347 1072 2430 latentur,

330 2467 419 2533 Dum
438 2484 531 2534 uetus
550 2463 635 2533 urbis
653 2463 759 2531 honos
778 2487 845 2531 non
864 2464 1062 2551 infrangatur
1080 2484 1204 2544 eorum,

331 2581 442 2661 Quem
462 2604 553 2670 reges
572 2580 624 2647 alii
643 2579 765 2647 dudum
784 2601 926 2647 seruasse
945 2581 1096 2647 sciuntur.

331 2700 491 2766 Excusant
510 2696 616 2786 culpas
635 2695 806 2763 referentes
826 2697 945 2763 crimen
965 2697 997 2763 in
1017 2695 1145 2777 hostes3

328 2812 426 2893 Nam,
447 2810 566 2893 dicunt,
586 2809 705 2877 bellum
725 2832 845 2877 senon
865 2810 985 2898 cepisse
1002 2804 1186 2898 profanum,

331 2929 387 2996 Set
405 2928 490 3016 prius
509 2925 649 2994 offensos
668 2923 799 2993 tandem
819 2943 953 2992 certasse
972 2907 1111 2992 coactos.

331 3041 422 3110 Uelle
440 3041 569 3131 quidem
587 3064 710 3130 pacem,
731 3042 791 3108 nisi
810 3039 909 3129 longa
927 3041 1041 3107 iniuria
1058 3056 1203 3107 mentem

332 3158 455 3224 Excitet
473 3174 505 3223 et
523 3155 595 3223 belli
614 3175 745 3224 moueat
767 3157 834 3223 sine
854 3157 986 3223 crimine
1006 3177 1125 3223 causas.

331 3270 471 3340 Grandia
489 3271 600 3360 legatis
619 3271 761 3340 tribuunt
780 3294 909 3361 quoque
929 3270 1014 3338 dona
1032 3288 1183 3358 rogantes

331 3387 376 3453 Vt
393 3386 453 3453 sibi
472 3386 642 3454 concilient
660 3385 808 3455 Friderici
826 3387 910 3474 regis
929 3408 1084 3452 amorem.

332 3500 481 3590 Cumque
499 3502 702 3569 recessissent
720 3500 774 3584 illi,
794 3524 873 3590 gens
893 3499 1005 3568 bellica
1022 3501 1117 3567 tantis

332 3616 500 3705 Indignata
519 3618 626 3700 nimis,
645 3617 781 3707 populos
799 3640 856 3684 sua
875 3616 992 3684 damna
1011 3634 1180 3706 querentes

332 3734 535 3823 Persequitur
553 3735 697 3821 grauius3
717 3758 776 3801 nec
796 3734 860 3800 iam
880 3751 1031 3801 contenta
1050 3730 1184 3813 tributis,

333 3849 393 3915 Per
411 3847 482 3915 loca
493 3848 653 3931 discurrit,
674 3850 809 3938 sumptis
829 3850 1004 3916 animosius
1024 3847 1130 3929 armiS,

331 3963 415 4032 Vrbs
434 3964 489 4032 ubi
507 3965 685 4033 Laudensis
703 3965 805 4033 fuerat
824 3964 1012 4052 Cumeaque
1032 3960 1207 4053 quondam,

333 4081 373 4148 Et
390 4080 505 4169 spoliat
524 4082 656 4148 miseros
675 4080 799 4150 nullum
819 4081 987 4148 munimen
1006 4078 1160 4146 habentes

331 4196 403 4264 Nec
422 4215 533 4263 contra
550 4215 657 4264 tantos
675 4195 759 4263 bello
780 4215 897 4263 certare
916 4195 1069 4263 ualentes.

203 4333 284 4399 1375
333 4312 374 4379 Et
390 4312 493 4401 siquid
512 4313 613 4402 prime
633 4313 736 4401 potuit
754 4335 918 4401 superesse
936 4312 1038 4391 ruine,

255 4519 325 4566 ¹354·
340 4506 396 4552 Cod.
410 4481 518 4571 &mulos
574 4520 641 4567 ¹359·
657 4507 725 4554 Corr.
740 4507 895 4565 infringatur?

203 4694 279 4767 1362.
292 4693 337 4751 Cs.
347 4694 437 4750 vno.
449 4697 514 4751 Am.
525 4694 587 4761 ΧΠ,
602 4711 663 4768 779.
814 4696 941 4767 1371-82.
952 4695 996 4751 Cl.
1008 4694 1045 4750 0.
1055 4695 1189 4762 Monens,
1198 4697 1239 4750 De
1250 4697 1300 4751 reb.
1314 4695 1395 4749 laud.

204 4778 279 4850 1367.
292 4778 336 4834 Cf.
352 4779 446 4836 Mnnr.
460 4781 549 4853 Epigr.
564 4780 624 4848 ΧΠ,
639 4795 680 4849 52,
698 4796 738 4849 ¹4·
849 4779 977 4852 598-603.
