3300 5796
611 467 733 525 GESTA
760 467 800 522 DI
827 466 1013 522 FEDERICO
1041 467 1062 521 1.

369 719 475 785 Docte
494 714 570 806 quid
589 714 730 784 Amalde
754 712 887 804 profecit
905 712 1076 783 litteratura

368 833 476 900 Tanta
495 831 576 899 tibi?
594 829 671 921 quid
691 848 740 898 tot
758 831 873 898 ieiunia
891 847 1000 918 totque
1019 827 1166 896 labores?

368 947 444 1016 Vita
462 947 539 1036 quid
557 965 623 1014 arta
643 946 749 1028 nimis,
770 968 832 1035 que
851 967 977 1034 semper
995 945 1105 1033 segnia
1123 945 1241 1032 spreuit

371 1063 461 1146 Otia,
479 1086 540 1131 nec
559 1061 630 1130 ullis
650 1061 753 1130 uoluit
772 1060 946 1128 carnalibus
966 1060 1035 1128 uti?

370 1181 444 1247 Heu
462 1178 541 1268 quid
558 1178 592 1245 in
612 1176 779 1245 ecclesiam
799 1175 982 1244 mordacem
1001 1193 1122 1244 uertere
1141 1173 1270 1242 dentem

368 1293 499 1364 Suasit?
517 1311 553 1362 ut
571 1291 611 1361 ad
631 1295 754 1361 tristem
772 1292 932 1381 laqueum,
952 1291 1139 1374 miserande,
1159 1291 1301 1360 uenires!

370 1412 451 1478 Ecce
469 1428 563 1478 tuum
580 1431 639 1498 pro
658 1431 723 1497 quo
742 1430 869 1497 penam,
890 1405 1068 1497 dampnate,
1088 1405 1194 1488 tulisti,

368 1527 500 1614 Dogma
518 1525 610 1615 perit,
629 1547 688 1591 nec
707 1524 765 1591 erit
784 1542 838 1590 tua
857 1545 935 1590 mox
954 1523 1094 1591 doctrina
1112 1525 1284 1613 superstes!

367 1641 462 1722 Arsit,
482 1656 513 1707 et
531 1640 566 1706 in
585 1657 717 1707 tenuem
735 1656 842 1706 tecum
862 1656 910 1706 est
927 1637 1063 1706 resoluta
1082 1636 1231 1721 fauillam,

367 1757 419 1825 Ne
437 1756 488 1824 cui
505 1755 638 1845 reliquie
657 1772 807 1843 superent
825 1752 956 1821 fortasse
976 1752 1118 1821 colende.

431 1873 476 1939 At
490 1871 563 1959 pius
582 1870 701 1938 euersis
721 1867 905 1937 Fredericus
924 1867 1059 1935 turribus
1078 1867 1156 1950 altis,

366 1985 529 2054 Albanum
548 1984 700 2075 graditur,
721 1985 828 2052 castris
847 1984 901 2051 ubi
919 1983 1000 2051 forte
1019 1984 1162 2075 locatis„
1460 1998 1488 2045 ²⁹
1500 1985 1593 2086 fi¹3¹f⁰⁰

365 2103 444 2171 Dira
460 2101 529 2170 lues
549 2099 654 2169 subito
674 2098 781 2168 turbas
800 2116 909 2166 exorta
927 2097 1046 2189 fatigat.

366 2220 453 2288 Nam
473 2217 559 2286 calor
577 2219 753 2302 inmensus,
773 2217 879 2306 grauis
897 2239 972 2284 aura
990 2233 1021 2286 et
1039 2239 1114 2284 seua
1133 2217 1249 2286 melitis

368 2335 553 2423 Langorem
572 2351 737 2422 generant,
761 2333 815 2421 qui
832 2331 986 2421 plurimus
1004 2350 1137 2421 occupat
1156 2355 1283 2421 agmen.

367 2449 457 2518 Milia
475 2447 575 2516 multa
594 2449 700 2516 uirum
719 2447 882 2535 languent,
902 2446 1016 2537 quibus
1035 2446 1119 2515 arida
1138 2446 1232 2516 febris

366 2563 487 2632 Insidet
499 2582 537 2634 et
556 2562 666 2630 crebro
685 2561 826 2630 stimulat
843 2562 1006 2652 precordia
1025 2561 1128 2652 pulsu.

365 2681 545 2748 Accurrunt
563 2678 689 2761 medici,
707 2697 868 2768 pugnatur
887 2698 918 2747 et
937 2698 1002 2747 arte
1021 2677 1187 2763 medendi3

365 2797 421 2864 Set
439 2812 567 2884 superat
586 2793 725 2862 medicas
745 2794 875 2863 morbus
894 2794 1079 2875 miserabilis
1097 2815 1189 2864 artes.

364 2910 476 2980 Multis
494 2932 622 2978 summa
640 2909 707 2978 dies
726 2928 758 2978 et
776 2909 975 2979 ineluctabile
991 2910 1091 2981 fatum

362 3025 515 3108 Aduenit,
533 3026 693 3093 intereunt
713 3024 834 3094 domini
852 3027 1028 3116 pariterque
1047 3026 1186 3110 clientes,

363 3142 425 3208 Pro
446 3139 548 3224 dolor,
568 3158 599 3209 et
618 3140 720 3209 multo
739 3140 891 3230 spoliatur
908 3142 1007 3210 milite
1026 3140 1149 3210 ductor.

363 3254 597 3344 Quadrupedes
617 3257 712 3324 etiam
732 3255 874 3340 morbus,
894 3256 1036 3324 mirabile
1054 3256 1152 3339 dictu,

363 3370 513 3460 Occupat
531 3389 563 3438 et
582 3373 710 3462 sonipes
728 3373 830 3460 gemit
850 3371 890 3440 ad
909 3374 1051 3462 presepia
1069 3372 1168 3451 fortis,

228 3490 291 3577 875
364 3486 443 3567 Quo
463 3488 620 3555 moriente
639 3489 713 3556 uiris
732 3489 914 3576 geminatur
932 3511 1026 3556 causa
1044 3487 1173 3557 doloris.

361 3603 527 3671 Attonitus
546 3619 633 3670 tanta
652 3602 835 3672 Fredericus
856 3603 943 3672 clade
961 3628 1104 3687 suorum,

361 3720 456 3787 Sacra
475 3721 548 3786 Deo
567 3720 676 3787 statuit
695 3718 799 3788 celum
818 3739 996 3811 terramque
1016 3722 1150 3810 regenti,

362 3837 402 3903 Et
420 3832 565 3902 lacrimas
583 3834 727 3923 precibus
747 3837 895 3919 miscens,
915 3837 959 3904 sic
978 3860 1059 3905 uoce
1076 3855 1244 3926 precatur:

283 4015 335 4073 85¹.
351 4012 512 4074 Compreeor
566 4016 621 4074 856.
637 4015 693 4061 Coa.
708 4013 793 4061 maacit
847 4016 902 4063 860.
920 4017 977 4066 Cod.
992 4017 1233 4076 relliquieecollende
1293 4018 1348 4065 866.
1365 4017 1422 4066 Coa.

227 4096 304 4142 arride
359 4096 413 4143 868.
428 4096 485 4143 Cod.
501 4097 621 4142 Accumnt
675 4096 725 4155 875.
740 4096 794 4143 iuris

227 4258 335 4328 851·60.
355 4259 399 4315 cf.
425 4261 534 4315 Lucru.
560 4262 647 4317 Pharr.
676 4262 723 4328 IV,
748 4277 811 4334 799-
874 4263 978 4318 Bosou.
1000 4263 1056 4317 Viro
1071 4261 1201 4317 Hadriani
1215 4262 1265 4329 IV,
1282 4279 1347 4333 331;
1364 4263 1422 4317 Go-

263 4343 324 4398 810.
873 4362 944 4401 rnre
960 4346 1075 4401 Vrrenn.
1093 4347 1168 4402 Gerra
1182 4347 1254 4423 Frr'd.
1273 4347 1360 4419 19o·8.

226 4424 288 4480 861.
300 4428 389 4482 Vero.
406 4429 469 4482 Aen.
482 4427 529 4495 IV,
545 4429 602 4499 187,
618 4429 651 4496 X,
670 4446 727 4484 121.
838 4428 898 4498 864.
912 4429 956 4486 Cf.
969 4431 1059 4485 Vnus.
1074 4433 1138 4486 Am.
1153 4430 1214 4497 Vll,
1226 4431 1269 4498 84

225 4508 334 4581 861-94.
354 4511 465 4565 Intorno
485 4511 530 4565 all’
537 4514 673 4568 itinerario
689 4515 716 4568 di
731 4515 812 4569 Fede·
838 4515 897 4572 866.
912 4515 955 4571 Cf.
968 4517 1057 4571 Vens.
1070 4517 1160 4589 Gcorg.
1173 4517 1292 4585 111,45r,
1304 4516 1352 4584 Ν,
1361 4531 1422 4587 473.

261 4595 319 4649 rico
337 4613 385 4668 per
404 4595 421 4650 il
444 4597 535 4664 LazIo,
551 4600 624 4669 dopo
643 4597 669 4652 la
690 4616 739 4653 sua
755 4618 811 4671 par·
838 4600 898 4673 867.
912 4602 956 4659 ef.
969 4603 1058 4658 vnio.
1072 4604 1136 4658 Aen.
1147 4603 1209 4670 XII,
1225 4619 1281 4673 533.

260 4692 339 4734 tenza
361 4681 394 4734 da
409 4682 507 4748 Roma,
524 4681 557 4737 cs.
577 4683 656 4737 Frun.
674 4684 733 4738 Irae.
753 4685 811 4758 Epi·
838 4689 898 4758 870.
912 4689 1001 4744 Vero.
1014 4690 1078 4745 Aen.
1091 4689 1125 4755 Il,
1139 4704 1196 4761 324,
1212 4687 1286 4756 VIII,
1305 4702 1363 4761 334.

260 4765 330 4821 stola.
346 4783 376 4836 3;
390 4768 505 4823 Ornou.
520 4768 595 4824 Gesta
608 4769 680 4827 Frid
689 4769 749 4841 11‚§
764 4786 810 4841 343
838 4773 899 4844 878.
912 4774 1003 4829 Varo.
1018 4774 1082 4829 Aen.
1099 4773 1146 4841 IX,
1161 4788 1221 4845 403·
