3300 5796
480 457 605 514 GESTA
633 458 673 513 DI
700 454 888 513 FEDERICO
916 456 936 511 l.

245 707 446 789 Consilium;
467 706 598 775 tandem
617 705 733 795 placuit
752 707 908 774 sententia
927 706 1057 773 cunctis.

246 824 378 912 Iamque
398 821 485 889 diem
504 821 588 890 claro
608 820 779 889 reuehebat
798 820 924 888 Lucifer
941 839 1014 888 ortu

243 939 282 1005 Et
300 936 430 1004 rutilans
450 937 552 1004 noctis
571 935 716 1003 tenebras
736 958 847 1003 aurora
866 933 1004 1024 fugabat.

245 1055 324 1120 Mox
345 1071 486 1120 oratores
505 1054 591 1141 pacis
609 1051 758 1119 mandata
776 1053 912 1120 ferentes

244 1167 397 1235 Consulis
416 1167 542 1235 hortatu
560 1185 730 1255 properant
749 1166 788 1234 ad
806 1168 893 1254 regia
912 1186 1022 1250 castra,

241 1285 347 1371 Atque
365 1283 546 1350 interuentu
566 1281 705 1350 ductoris
725 1282 945 1363 Boemiorum,

243 1398 354 1479 Quem
374 1396 583 1466 mediatorem
603 1398 688 1487 pacis
706 1396 819 1480 fecere,
838 1399 949 1487 petito,

243 1515 410 1582 Conantur
429 1514 549 1581 summi
566 1514 649 1601 regis
668 1511 766 1579 lenire
784 1511 924 1580 furorem

242 1631 281 1697 Et
299 1628 450 1717 placitum
469 1626 560 1696 fedus
578 1629 683 1718 posito
702 1650 897 1715 componere
915 1627 1011 1695 bello.

243 1743 397 1811 Dulcibus
417 1760 573 1810 exornant
591 1741 681 1810 dictis
701 1741 850 1811 mandata
868 1764 1039 1833 precesque

243 1859 448 1946 Compositas
467 1857 597 1940 faciunt,
617 1876 785 1946 poscentes
804 1856 909 1927 federa
928 1861 1022 1948 pacis.

242 1976 285 2040 At
302 1973 379 2061 uigil
398 1974 520 2060 imperii
539 1991 642 2040 rector
661 1971 853 2055 Fredericus‚
873 1974 995 2063 iniquas

243 2089 513 2156 Commemorans
533 2111 633 2156 noxas
653 2106 684 2155 et
703 2089 833 2155 crimina
853 2088 1037 2172 Mediolani,

243 2203 399 2272 Exaudite
417 2210 525 2293 preces
545 2204 649 2271 renuit
668 2202 879 2293 mandataque
897 2207 1013 2293 gentis,

243 2318 355 2399 Quam
374 2319 496 2386 tociens
514 2317 626 2385 frustra
644 2341 756 2407 pacem
776 2342 901 2387 seruare
919 2322 1055 2409 rogauit.

243 2435 365 2501 Verum
384 2433 517 2500 consilio
534 2456 702 2522 procerum
720 2434 928 2525 precibusque
946 2459 1079 2504 suorum

221 2617 223 2622 ,
243 2549 403 2630 Flectitur,
419 2568 453 2617 ut
472 2547 590 2617 bellurn
609 2547 667 2615 sub
686 2549 870 2617 conditione
887 2553 1034 2620 remittat

242 2666 390 2754 Denique
409 2666 544 2732 Boemio
563 2662 707 2732 faciende
725 2665 810 2753 pacis
829 2665 988 2735 honorem

244 2780 402 2849 Concedit
421 2782 497 2870 regi,
518 2782 568 2848 cui
587 2803 621 2847 se
641 2783 845 2850 commiserat
863 2782 973 2851 hostis.

243 2898 305 2964 Hic
323 2899 419 2986 igitur
437 2896 549 2965 duram
568 2895 678 2984 legatis
698 2896 916 2965 conditionem

245 3012 372 3080 Federis
392 3012 525 3100 imperio
544 3011 694 3100 proponit
712 3012 859 3102 principis
879 3013 942 3081 alti.

243 3129 330 3196 Nam
351 3127 437 3194 iubet
456 3144 491 3195 ut
509 3128 594 3195 ciues
614 3150 692 3194 mox
711 3127 844 3196 reddant
863 3128 1036 3198 Mediolani

243 3242 396 3329 Captiuos
416 3263 541 3323 omnes,
561 3264 643 3331 quos
661 3241 784 3310 dudum
803 3266 925 3311 carcere
944 3243 1030 3313 duris

245 3355 465 3446 Compedibus
483 3355 644 3438 cohibent,
665 3376 696 3425 et
714 3381 836 3425 marcas
854 3359 940 3426 milia
958 3360 1098 3451 quinque

110 3492 196 3559 2540
242 3473 376 3561 Argenti
395 3470 475 3539 fisco
494 3471 643 3555 tribuant,
663 3474 737 3562 quia
754 3497 902 3561 spernere
921 3476 1004 3544 iussa

175 3618 177 3624 ·
241 3587 342 3675 Regia
361 3605 436 3655 sunt
455 3589 521 3655 ausi
540 3589 672 3671 tociens,
693 3612 824 3678 seseque
841 3588 952 3658 fideles

242 3703 327 3770 Hinc
346 3703 414 3770 fore
433 3702 556 3771 ductori
575 3704 688 3786 iurent,
707 3704 894 3795 decretaque
912 3726 1040 3776 seruent

242 3818 317 3886 Eius
337 3836 370 3886 et
386 3817 576 3908 obsequium
596 3836 735 3908 prestent
753 3821 821 3888 sine
840 3820 961 3905 fraude,
980 3847 1040 3891 nec
1058 3824 1138 3892 ultra

162 4040 226 4086 2522.
243 4039 298 4088 Cod.
312 4040 363 4096 Que
376 4053 390 4084 e
402 4040 470 4097 petite
523 4040 587 4100 ²⁵²9·
603 4040 657 4087 cod.
672 4041 807 4099 mandatque

109 4211 185 4282 2516.
205 4213 374 4269 Confrontisi
393 4215 411 4269 il
430 4226 525 4270 tenore
544 4215 570 4270 di
594 4225 690 4288 questo
754 4219 953 4286 «conveniunt,
965 4220 1063 4277 debinc
1078 4223 1259 4278 mediantibus
1273 4224 1303 4277 il·

143 4300 265 4354 discorso
276 4316 329 4354 con
343 4299 435 4371 quello
445 4299 547 4356 riferito
558 4302 592 4354 da
601 4302 691 4356 Raun-
754 4323 769 4352 ι(
778 4303 811 4357 lis
827 4303 895 4358 alios
907 4306 1041 4377 principes
1056 4322 1158 4378 eosque
1173 4308 1206 4361 ad
1219 4307 1303 4380 impe·

143 4398 231 4450 wruo,
246 4384 293 4450 ΙΙΙ,
306 4384 321 4454 S
335 4382 378 4451 46.
464 4391 466 4394 '
754 4409 769 4438 (ι
779 4400 898 4463 ratorem
914 4389 947 4444 de
966 4407 1033 4462 pace
1052 4392 1250 4463 supplicaturos
1265 4393 1302 4447 di·

108 4483 185 4538 25²4·
199 4467 241 4523 Cf.
254 4468 343 4525 Veno.
360 4470 424 4524 Aen.
436 4469 470 4539 X,
487 4485 526 4540 15·
757 4475 872 4545 ‹cn'gunt
881 4493 905 4527 a.
919 4474 1068 4529 Rauuwnu
1082 4476 1157 4532 Gesta
1169 4476 1242 4531 Pria
1253 4477 1301 4544 ΙΙΙ,

108 4567 185 4622 2524
203 4552 378 4607 «Unanimes
388 4554 478 4625 itaque
487 4553 560 4620 facti,
572 4573 619 4628 per
629 4572 693 4610 con·
755 4557 770 4627 §
784 4572 827 4626 47.

145 4636 241 4690 usules
257 4648 283 4690 et
298 4630 399 4709 primos
416 4639 529 4693 civitatis
548 4640 637 4710 primo
652 4657 690 4693 re·
718 4656 794 4712 2539.
810 4659 908 4697 marcas
926 4643 998 4697 milia
1012 4643 1132 4716 quinqua]
1150 4662 1175 4698 v.
1194 4644 1222 4698 la
1236 4656 1301 4699 nota

144 4737 232 4791 «gem
248 4721 378 4776 Boemiae
396 4722 549 4794 ducemque
563 4725 689 4780 Austriae
753 4725 778 4780 al
793 4743 818 4779 v.
834 4725 912 4796 2561.
