3300 5796
583 457 708 512 GESTA
736 458 775 512 DI
802 458 989 513 FEDERICO
1018 458 1039 512 Ι.

347 707 477 774 Miserat
496 726 660 794 augustus,
681 707 811 796 cupiens
830 708 1016 794 extinguere
1035 706 1125 774 bella.

213 843 300 889 1120
348 822 437 889 lussa
455 840 564 888 tamen
584 821 707 889 domini
726 823 844 910 spernit
863 845 943 910 gens
961 845 1058 911 praua
1077 822 1223 911 benigni;

346 938 434 1005 Nam
451 960 511 1004 nec
530 935 658 1004 dimittit
677 955 785 1026 captos
803 960 863 1004 nec
881 935 961 1003 bella
979 937 1135 1026 relinquit,

347 1053 404 1120 Set
421 1053 524 1140 magis
542 1050 660 1119 infesto
679 1071 774 1120 uexat
791 1074 870 1118 mox
890 1053 1046 1141 Pergama
1066 1052 1159 1120 bello.

347 1167 423 1236 Sola
442 1186 550 1236 tamen
570 1189 701 1256 gentem
720 1168 784 1234 iam
803 1192 878 1257 sepe
899 1167 1032 1257 repulsa,
1053 1167 1185 1236 timebat

347 1283 467 1351 Ledere
486 1285 707 1372 Pergameam,
726 1307 823 1372 quam
841 1284 957 1351 fortem
977 1282 1017 1349 ad
1036 1282 1116 1350 bella
1135 1284 1262 1352 sciebat.

347 1401 432 1488 Ergo
450 1418 537 1488 parat
555 1399 660 1487 plures
678 1401 785 1487 precio
804 1398 1011 1488 precibusque
1030 1400 1178 1467 cohortes

349 1514 514 1581 Auxilium
533 1514 657 1603 populis
676 1513 887 1602 prestantibus
906 1514 1047 1604 undique
1066 1515 1184 1583 multis.

347 1630 506 1718 Denique,
525 1630 665 1697 collectis
685 1630 829 1718 equitum
846 1629 1054 1718 peditumque
1073 1630 1206 1697 cateruis

347 1743 496 1833 Vndique
516 1767 584 1811 non
602 1744 719 1833 paucis,
740 1742 844 1811 alieno
863 1743 977 1810 robore
997 1743 1085 1826 freta,

349 1859 436 1927 Gens
456 1859 603 1926 Brixiana
621 1858 760 1948 plagam,
778 1882 841 1947 qua
860 1857 939 1926 fines
960 1861 1053 1926 Mura
1072 1878 1208 1942 coercet,

348 1976 558 2063 Pergameam
578 1974 770 2062 aggreditur,
791 1975 920 2061 cupiens
939 1998 1086 2064 superare
1106 1974 1287 2044 Paluscum.

348 2091 436 2158 Illico
456 2092 662 2178 Pergameas,
682 2091 817 2178 sumptis
836 2092 1056 2179 properantius
1075 2093 1181 2173 armis,

352 2207 502 2276 Occurrit
519 2201 656 2296 populus
674 2206 776 2274 solus:
797 2230 872 2273 nam
893 2207 1113 2276 Mediolanum

349 2323 512 2391 Subtrahit
530 2322 684 2391 auxilium
703 2324 815 2390 uicinis
835 2314 909 2412 sepe
928 2342 1090 2411 rogatum,

349 2438 510 2507 Subtrahit
529 2457 561 2506 et
580 2438 746 2527 quondam
764 2439 902 2506 nimium
921 2437 1042 2506 delecta
1062 2440 1235 2506 Cremona.

350 2553 426 2633 Que
444 2573 553 2640 tamen
573 2574 703 2621 excusat
722 2554 911 2642 culpamque
930 2553 1069 2621 refundit
1088 2555 1120 2620 in
1142 2553 1226 2621 urbis

354 2671 517 2750 Rectores,
534 2668 728 2757 tandemque
747 2668 834 2736 dolet
852 2671 924 2758 quia
943 2669 1033 2758 liquit
1052 2670 1183 2737 amicos.

352 2785 516 2853 Conuenit
534 2786 566 2851 in
587 2783 695 2851 medio
715 2783 844 2851 tandem
863 2808 943 2872 gens
962 2803 1092 2873 utraque
1112 2807 1226 2874 campo

353 2900 551 2969 Conflictura
568 2899 663 2968 simul
682 2922 781 2989 prope
800 2901 906 2968 menia
924 2923 1022 2989 parua
1040 2900 1176 2983 Palusci,

352 3016 529 3106 Fatalisque
548 3016 654 3084 aderat
673 3018 783 3084 cuneis
802 3015 1030 3105 trepidantibus
1050 3016 1137 3083 hora.

350 3133 453 3199 Brixia
472 3149 573 3199 castra
591 3131 675 3198 locat
693 3131 842 3220 ualloque
860 3130 980 3198 reclusa
999 3150 1158 3212 moratur;

348 3248 446 3328 Nam,
466 3246 538 3313 licet
557 3247 740 3313 innumeras
760 3245 882 3327 habeat,
903 3265 997 3334 pauet
1017 3248 1082 3335 ipsa
1101 3248 1260 3314 cohortes.

350 3362 492 3452 Explicat
511 3385 547 3429 ac
565 3380 685 3430 turmas
705 3381 736 3429 et
755 3363 847 3451 signa
865 3363 1018 3429 minantia
1036 3385 1180 3451 pugnam

350 3477 464 3545 Audax
483 3479 678 3565 Pergameas
697 3478 833 3568 populus
854 3478 1041 3567 clausosque
1059 3477 1184 3545 lacessit

349 3594 513 3682 Irritatque
534 3595 618 3661 uiros
637 3595 702 3661 iam
720 3595 825 3682 sepius
845 3613 917 3661 ante
936 3593 1065 3682 fugatos

349 3709 491 3777 Vocibus
510 3710 694 3789 horrisonis,
715 3710 822 3777 iaculis
841 3709 1026 3797 leuibusque
1046 3711 1178 3798 sagittis.

350 3826 473 3893 Irritata
490 3844 598 3892 tamen
619 3824 732 3892 clausis
751 3849 785 3892 se
805 3826 909 3892 Brixia
929 3826 1037 3891 castris

352 3941 506 4009 Continet
525 3959 556 4008 et
574 3940 705 4022 bellum,
724 3961 802 4030 puto
822 3963 888 4007 non
908 3941 976 4007 sine
996 3941 1138 4021 numine,
1159 3940 1255 4019 uitat3

351 4058 437 4126 Nam
457 4076 533 4125 tunc
553 4059 735 4146 Pergameis
754 4057 848 4124 fallax
868 4060 1009 4125 Fortuna
1028 4056 1163 4125 fauebat.

351 4171 480 4241 Occidit
499 4174 618 4240 interea
636 4173 684 4240 sol
705 4192 735 4240 et
754 4196 821 4240 nox
839 4172 953 4261 frigida
973 4174 1073 4262 surgit

220 4421 357 4476 1117·221.
375 4406 489 4461 Intorno
501 4423 517 4460 a
531 4419 625 4478 questa
645 4423 742 4478 guerra
761 4406 801 4460 fra
835 4422 907 4477 ¹137·
924 4403 967 4461 Cf.
982 4405 1072 4459 ero.
1088 4407 1152 4460 Aen.
1168 4405 1215 4471 lX,
1232 4421 1290 4475 230.

251 4491 262 4544 i
286 4490 426 4545 Bresciani
450 4509 465 4545 e
491 4491 501 4544 i
519 4491 714 4562 Bergarnaschi
732 4509 757 4546 v.
778 4491 801 4562 J.
835 4506 934 4560 1143-4.
951 4489 994 4544 Cl
1007 4490 1096 4544 Vnae.
1113 4492 1177 4544 Aen.
1193 4489 1227 4555 X,
1242 4488 1302 4555 644.

251 4573 394 4628 Matvrcu
414 4573 507 4628 Cbron.
524 4576 640 4628 Brixion.
656 4574 725 4628 Dist.
741 4574 800 4640 Vll,
833 4590 906 4642 1145.
922 4574 1011 4629 Varro.
1026 4576 1089 4629 Aen.
1105 4574 1139 4640 V,
1155 4573 1197 4640 68,
1213 4574 1259 4643 tx,
1279 4576 1334 4643 178.
1419 4587 1422 4594 ·

253 4675 312 4731 cap.
330 4657 370 4729 38.
835 4674 908 4728 1147.
923 4658 1012 4713 Vetto.
1028 4661 1091 4713 Aen.
1107 4660 1141 4729 ll,
1157 4673 1216 4728 777.

221 4757 295 4812 1¹34
310 4741 353 4796 Cf.
367 4741 458 4797 sto.
472 4742 528 4797 Ecl.
544 4742 590 4809 1x,
606 4744 648 4797 28.
834 4759 907 4816 1149.
921 4742 965 4798 Cs.
980 4743 1068 4799 Vane.
1085 4745 1147 4799 Aen.
1163 4743 1211 4810 ΙΙΙ,
1229 4744 1286 4811 508.
