3300 5796
436 472 560 530 GESTA
589 473 627 528 Dl
655 472 842 529 FEDERICO
872 474 891 528 1.

195 722 306 806 Jurato
324 720 490 808 perhibent
508 722 644 788 sociatos
663 720 769 788 federe
789 740 898 787 contra

202 837 368 924 Imperiale
387 835 493 918 decus,
514 837 598 925 pacis
617 858 746 924 quoque
765 835 972 924 lege-relicta.

202 953 325 1019 Ductor
344 952 398 1019 ubi
417 953 536 1040 accepit
555 951 740 1019 fredericus
759 951 842 1033 talia,
862 975 969 1021 rursus

68 1085 156 1151 2790
202 1066 327 1134 Bellum
346 1091 385 1133 ex
404 1067 529 1154 integro
549 1068 656 1147 sumit,
676 1086 852 1155 gentesque
871 1067 1003 1136 rebelles

203 1181 281 1248 Ilico
300 1181 474 1271 proscribit,
491 1181 586 1249 simul
601 1199 633 1248 et
651 1180 737 1249 iubet
755 1205 843 1249 arma
863 1185 963 1272 parari

203 1299 309 1386 Atque
327 1298 442 1364 iterum
462 1299 572 1385 magni
592 1297 673 1365 uires
694 1299 754 1364 ciet
772 1298 912 1387 undique
931 1300 1040 1388 regni,

204 1413 303 1481 Mittit
321 1434 353 1481 et
371 1413 410 1480 ad
430 1413 559 1481 thalami
578 1432 774 1495 consortem,
793 1433 828 1482 ut
847 1433 879 1481 et
897 1416 963 1503 ipsa
980 1434 1121 1484 cateruas

205 1527 312 1616 Cogat
329 1528 363 1595 in
382 1550 469 1594 arma
488 1526 606 1595 ducum
626 1547 669 1610 et,
687 1528 785 1616 regali
803 1529 878 1596 sede
897 1528 1016 1611 relicta,

202 1641 362 1709 Adueniat
379 1641 518 1730 palmam
537 1665 646 1709 secum
665 1661 830 1731 sumptura
845 1643 970 1711 beatam

204 1759 243 1825 Et
261 1756 391 1825 fruitura
409 1757 504 1825 simul
523 1757 587 1827 leto
606 1778 679 1848 post
698 1757 778 1826 bella
797 1759 969 1849 triumpho.
998 1835 1001 1840 Δ

202 1873 351 1941 Protinus
370 1872 493 1941 Allecto
512 1874 594 1942 redit
611 1876 709 1962 impia
728 1874 949 1943 Mediolanum

202 1988 462 2076 Compositisque
481 1990 595 2056 iterum
615 1990 806 2057 miserorum
825 1990 921 2058 corda
940 1991 1082 2058 uirorum

202 2104 348 2192 Exagitat
367 2102 457 2172 dictis
475 2103 675 2193 stimulisque
694 2104 874 2173 ardentibus
893 2106 1013 2195 implet

205 2244 221 2280 «
234 2219 337 2286 Fortis
352 2245 368 2282 >s
393 2219 435 2286 air
458 2245 475 2283 <‹
486 2219 633 2308 populus,
652 2219 755 2288 fuerat
773 2221 829 2288 tibi
848 2241 938 2309 pacta
956 2221 1084 2290 tenendi

205 2334 333 2420 «Regia
352 2336 566 2422 propositum,
584 2352 632 2400 set
650 2359 706 2401 rex
725 2359 760 2402 ea
780 2335 895 2404 scindit
912 2338 1058 2426 iniquus3

206 2448 362 2535 «Nempe
381 2448 477 2516 uades
495 2450 580 2537 pacis
598 2450 658 2517 sub
677 2450 862 2518 conditione
880 2453 996 2540 petitos

206 2587 222 2625 c
235 2561 455 2650 Compedibus
473 2563 599 2630 uinctos
618 2582 698 2631 tetro
719 2565 874 2632 conclusit
893 2565 925 2632 in
944 2584 1045 2647 antro,

206 2677 286 2744 «Te
302 2701 431 2767 quoque
449 2678 629 2767 proscripsit
647 2703 878 2769 procerumque
898 2682 931 2748 in
951 2680 1031 2748 bella
1050 2700 1191 2750 cateruas

206 2820 222 2855 (ι
235 2793 414 2876 Conuocat,
433 2811 465 2860 et
482 2817 609 2861 rursum
629 2813 716 2883 parat
733 2794 901 2863 obsidione
920 2796 1088 2864 subactum

206 2933 222 2970 (ι
237 2905 428 2996 Opprimere
448 2931 483 2974 ac
503 2910 629 2997 penitus
646 2909 841 2977 confundere
864 2909 1094 2978 Mediolanum.

205 3024 320 3110 «Ergo
340 3046 451 3090 meum
469 3021 601 3112 placeat,
620 3025 646 3091 si
666 3025 714 3091 uis
730 3043 784 3091 tua
803 3043 897 3114 teque
916 3028 1008 3107 tueri,

206 3137 425 3219 «Consilium,
446 3139 548 3227 capiat
565 3156 619 3206 rua
637 3139 782 3226 protinus
798 3162 886 3207 arma
903 3141 1053 3209 iuuentus

205 3278 221 3313 α
235 3253 285 3332 Et,
303 3250 381 3319 dum
400 3276 495 3320 seuus
512 3252 599 3319 abest
618 3253 731 3320 ductor
749 3253 909 3344 longeque
928 3275 1080 3337 moratur,

206 3393 221 3429 o
236 3366 378 3455 Expellat
395 3369 502 3456 patriis
522 3367 656 3436 audaces
675 3368 791 3438 finibus
810 3369 930 3438 hostes

205 3508 221 3545 (ι
234 3483 282 3549 En
302 3482 409 3549 Trecii
427 3482 569 3551 residens
588 3483 810 3552 Todecherius
830 3507 899 3552 arce
917 3485 1082 3574 superbus,
1282 3492 1496 3605 prijqfflpm

207 3596 314 3680 «Qui,
334 3621 555 3688 quoscumque
568 3600 664 3681 ualet,
682 3622 748 3666 non
769 3618 869 3668 cessat
887 3599 991 3669 ledere
1010 3600 1130 3670 dudum
1141 3629 1150 3683 ;
1297 3601 1373 3699 ’ψ
1417 3608 1483 3702 “ff'‘

206 3713 322 3782 «Cum
339 3713 433 3781 sociis
452 3712 648 3782 cohibendus
668 3734 734 3782 erat
752 3714 898 3805 belloque
917 3716 1106 3784 domandus.

207 3853 223 3891 c
235 3829 333 3895 Hunc
351 3848 434 3918 pete,
453 3852 494 3896 ne
513 3829 636 3911 timeas,
656 3829 775 3897 facturn
793 3829 971 3899 laudabitur
989 3829 1083 3899 istud.

68 3943 152 4028 2815
205 3944 290 4010 «Est
308 3965 437 4032 quoque
454 3966 522 4011 non
542 3943 686 4012 modicus
707 3943 789 4012 dicta
808 3945 973 4014 thesaurus
992 3947 1026 4013 in
1045 3969 1126 4024 arce,

205 4056 313 4137 «Quo
329 4058 446 4146 poteris
466 4058 555 4125 diues
573 4057 654 4141 fieri;
674 4080 709 4127 tu
727 4083 814 4127 nunc
833 4084 908 4148 cape
924 4078 1048 4127 mentes

205 4199 221 4236 (ι
233 4174 408 4262 Armaque3
429 4174 601 4262 precedens
619 4194 650 4241 et
668 4193 699 4241 te
719 4177 859 4242 Fortuna
878 4175 1039 4243 iuuabit».

120 4391 187 4450 2809.
203 4390 259 4438 Cod.
274 4392 388 4450 longoque

68 4592 146 4646 2791.
159 4577 248 4633 Vuno.
262 4579 327 4633 Aen.
339 4577 401 4645 v11,
412 4577 473 4644 468.
677 4595 754 4651 2799.
768 4578 812 4636 Cf.
823 4581 913 4635 Vsuo.
925 4583 988 4637 Aen.
1000 4582 1063 4650 VII,
1078 4598 1138 4652 405.

69 4677 146 4733 2795.
170 4662 214 4718 cf.
238 4659 388 4718 Ranswrur
412 4663 487 4719 Gesta
511 4663 582 4719 Frid.
605 4663 653 4729 IV,
670 4665 754 4718 2808.
771 4663 814 4718 Cf.
829 4664 917 4720 Vsus.
933 4667 997 4720 Aen.
1012 4667 1060 4733 XI,
1074 4682 1135 4736 453.

105 4746 137 4817 §5
153 4762 250 4820 25·29.
677 4747 755 4802 2811.
771 4747 815 4802 cf.
829 4766 855 4802 v.
871 4748 940 4817 2834
956 4765 971 4804 e
986 4762 1059 4804 nota
