3300 5796
685 515 937 574 ANONIMO

351 769 489 837 Necnon
509 764 691 847 Rainaldus,
709 764 763 853 qui
782 762 983 831 cancellarius
1003 763 1056 830 alti

352 883 449 971 Regis
467 900 498 950 et
516 882 668 970 interpres
687 878 785 948 multa
803 878 957 968 probitate
977 877 1116 966 uigebat,

351 999 457 1086 Atque
476 995 632 1085 palatinus
651 996 699 1063 uir
718 993 833 1083 dignus
851 991 995 1061 laudibus
1016 991 1112 1075 Ott0,

353 1110 447 1191 Quos
463 1128 551 1199 pater
568 1109 685 1177 italicas
705 1106 887 1176 Fredeticus
908 1109 1010 1175 uisere
1029 1125 1142 1196 gentes

353 1229 483 1295 Miserat
501 1244 532 1294 et
551 1224 643 1293 duras
662 1226 819 1314 Ligurum
838 1241 1023 1291 conuertere
1043 1241 1181 1306 mentes,

350 1341 447 1411 Nolle
465 1343 530 1410 suis
549 1340 702 1408 mandant
720 1340 850 1407 monitis
869 1361 977 1427 parere
997 1336 1150 1428 superbos

352 1456 620 1538 Mediolanenses,
631 1440 699 1524 vnec
718 1455 828 1523 hostes
846 1456 1097 1542 Pergameorum

351 1574 422 1642 Nec
440 1571 518 1639 alios
536 1571 705 1660 quosdam,
722 1589 771 1638 set
788 1571 875 1659 regia
895 1592 1042 1659 spernere
1060 1571 1154 1638 iussa.

352 1686 556 1776 Quapropter
574 1687 681 1755 ueniat
699 1685 835 1775 populos
855 1686 977 1753 frenare
996 1707 1146 1774 procaces

353 1804 392 1870 Et
410 1801 488 1870 fetat
507 1801 658 1870 auxilium
678 1803 800 1868 miseris
818 1819 1022 1890 properanter
1041 1802 1150 1869 amicis

353 1919 421 1988 Rex
440 1917 510 2006 pius
529 1936 561 1985 et
578 1917 669 2005 regni
688 1917 844 2005 Ligurum
862 1934 987 1984 tueatur
1005 1916 1175 1984 honorent.

353 2033 413 2100 His
431 2050 520 2122 pater
538 2031 651 2100 auditis
671 2030 853 2099 Fredeticus
873 2029 1003 2099 mandat
1020 2032 1054 2099 in
1073 2054 1188 2099 omnes

354 2147 535 2217 Confestim
552 2167 655 2238 partes
675 2167 707 2217 et
725 2166 883 2217 conuocat
903 2171 990 2216 arma
1008 2148 1166 2238 ducesque

354 2263 454 2332 Italici
472 2263 594 2333 dudum
614 2264 685 2332 belli
705 2286 834 2332 rumore
852 2263 1034 2332 frementes.

353 2378 449 2448 Haud
467 2360 559 2447 mora
577 2382 775 2449 conueniunt
793 2381 875 2448 acies
893 2379 1065 2470 populique
1084 2399 1240 2469 potentes,

352 2495 489 2583 Cogitur
506 2517 547 2561 ex
565 2496 659 2563 uariis
677 2496 791 2584 ingens
811 2497 966 2564 exercitus
984 2496 1087 2563 horis:

353 2607 467 2677 Prebet
487 2611 574 2676 enim
592 2611 659 2698 regi
679 2612 812 2679 comites
833 2612 1009 2678 Franconia
1027 2611 1157 2693 multos,

352 2723 530 2812 Amplaque
549 2747 615 2792 non
635 2724 776 2793 modicas
795 2724 878 2793 bello
899 2725 953 2793 dat
971 2726 1089 2794 Sueuia
1107 2727 1201 2808 uires,

353 2840 493 2908 Baioaria
513 2839 618 2908 electis
638 2839 769 2909 ducibus
788 2840 939 2930 spoliatur
957 2859 989 2909 et
1008 2842 1113 2924 armis,

353 2957 393 3024 Et
409 2955 566 3045 populosa
584 2957 669 3024 uiros
689 2957 784 3024 mittit
803 2957 942 3024 Saxonia
960 2955 1068 3024 fortes.

353 3071 477 3139 Boemii
496 3090 614 3140 coeunt
631 3094 777 3160 proceres
796 3071 988 3160 fulgentibus
1008 3072 1114 3153 armis,

353 3184 504 3264 Quorum
524 3209 579 3253 rex
598 3185 767 3253 dominum
787 3184 970 3254 Fredeticus
989 3185 1068 3254 ferre
1088 3209 1241 3253 coronam
1325 3207 1420 3275 ¹79⁰·

346 3301 445 3386 Jussit
464 3319 496 3369 et
514 3303 546 3368 in
565 3301 655 3388 tegni
675 3302 826 3369 metitum
843 3302 990 3390 prouexit
1009 3301 1178 3369 honorem.

353 3413 437 3494 Quis
456 3439 622 3484 numerare
642 3415 738 3484 duces
756 3415 859 3484 ualeat
876 3440 933 3505 per
951 3417 1085 3484 nomina
1102 3417 1232 3484 tantos?

353 3528 436 3610 Quis
454 3530 589 3620 populos
609 3531 765 3620 urbesque
784 3531 880 3599 sirnul
897 3554 953 3620 per
971 3530 1096 3620 singula
1116 3530 1222 3599 dicat?

351 3647 516 3715 Deseritur
533 3647 657 3737 populis
676 3648 848 3716 Germania
867 3647 956 3715 diues
975 3665 1006 3715 et
1025 3648 1131 3729 annis,

261 3853 326 3909 1787.
340 3851 407 3899 Corr.
421 3850 535 3898 Bouana?

221 4037 349 4113 1769-71.
367 4039 529 4096 Ruinaldus...
548 4048 645 4111 atque...
666 4041 738 4110 Otto]
758 4041 800 4094 ln·
830 4041 905 4111 1782.
919 4040 962 4096 Cf.
976 4041 1064 4095 Vane.
1078 4044 1142 4096 Aen.
1154 4041 1201 4108 IV,
1215 4056 1273 4114 ²²9·

251 4135 332 4177 torno
348 4139 364 4176 a
378 4124 465 4195 questi
480 4123 532 4179 due
544 4125 716 4196 personaggi,
727 4140 811 4178 man·
829 4125 903 4197 1789.
918 4125 1007 4179 Vnno.
1023 4126 1086 4179 Aen.
1102 4125 1149 4190 Vl,
1164 4139 1224 4194 217,
1239 4125 1273 4191 X,
1290 4140 1349 4194 55o

252 4207 305 4261 dati
321 4207 384 4261 dall‘
392 4210 553 4278 imperatore
572 4209 600 4262 in
618 4209 694 4264 Italia
714 4211 797 4282 prima
829 4225 904 4281 1791.
921 4230 935 4260 n
945 4210 1088 4264 ...domnus
1099 4210 1245 4279 imperator
1260 4209 1411 4280 predictum

253 4291 324 4345 della
343 4309 433 4346 nuova
457 4309 505 4347 sua
524 4293 637 4359 discesa,
662 4311 687 4348 v.
707 4294 799 4348 Runa·
863 4314 877 4344 «
887 4294 984 4347 ducem
994 4293 1208 4363 (Bohemorum)
1218 4295 1253 4348 ob
1263 4293 1342 4349 fidele
1352 4295 1410 4350 eius

252 4390 320 4429 w1u1
337 4376 411 4431 Gesta
426 4377 497 4430 frid.
513 4377 560 4444 111,
577 4378 608 4449 §§
628 4379 719 4432 18-21.
863 4400 876 4429 α
888 4378 1032 4432 servicium
1043 4396 1136 4433 corarn
1144 4379 1334 4432 omnibussuis
1341 4379 1411 4452 prin·

220 4475 295 4530 1775.
311 4460 386 4516 hostes
405 4462 609 4533 Pergamaorum]
630 4463 689 4517 cioe
708 4465 716 4517 i
736 4464 799 4518 Bre·
863 4460 991 4531 «cipibus
1009 4478 1031 4530 3.
1048 4461 1109 4515 Idus
1130 4461 1236 4514 Ianuari
1256 4461 1349 4532 (1158)
1368 4479 1410 4517 re-

252 4545 346 4599 sciani.
862 4567 876 4597 «
886 4545 932 4617 gio
949 4557 1027 4600 ornat
1039 4547 1199 4613 diademate,
1210 4558 1236 4600 et
1248 4546 1281 4600 de
1293 4546 1412 4602 ducere

221 4630 347 4702 1781-96.
361 4630 499 4703 Suquesta
508 4635 717 4687 enumerazione
729 4633 799 4688 delle
863 4653 876 4682 a
887 4649 951 4701 gem
959 4630 1068 4698 faciens,
1076 4643 1151 4686 tanto
1159 4631 1409 4687 exornatdecoreu.

252 4712 324 4768 forze
337 4713 456 4768 raccolte
469 4715 504 4768 da
518 4714 649 4769 Federico
663 4714 696 4770 ci.
709 4717 800 4772 Rana·
861 4713 1207 4784 Vinc.Pnao.Annal.667;
1216 4713 1408 4770 ciRanawtur

252 4812 320 4852 wnu
336 4798 411 4854 Gaslo
423 4798 494 4855 fria
509 4798 557 4866 ΙΙΙ,
573 4800 587 4869 S
603 4797 645 4854 26.
864 4799 938 4854 Gesta
956 4799 1027 4853 aaa.
1046 4799 1093 4864 111,
1110 4799 1124 4868 S
1141 4813 1179 4865 14.
