3300 5796
902 497 1154 554 ANONIMO

526 751 679 819 Attamen
697 747 815 816 electos
833 749 976 837 equitum
996 746 1083 815 iubet
1100 748 1145 814 ire
1163 766 1322 815 trecentos

528 862 699 953 Explorate
718 863 821 930 aditus
839 880 870 929 et
888 860 965 951 quid
983 885 1039 929 rex
1057 863 1123 949 ipse
1140 880 1271 949 pararet

526 977 715 1046 Accelerant
733 979 854 1067 equites
872 979 964 1045 iussis
982 1000 1090 1065 parere
1109 976 1264 1053 uolentes,

525 1096 679 1183 Dumque
698 1095 756 1163 iter
774 1094 818 1161 hii
836 1113 992 1183 peragunt
1010 1093 1187 1182 mediisque
1206 1114 1363 1181 ungantur
1381 1095 1415 1162 in
1434 1097 1531 1183 agris,

528 1210 725 1298 Improuisus
744 1209 832 1276 adest
850 1209 941 1276 miles
959 1209 1072 1297 regalis
1090 1227 1122 1276 et
1136 1208 1218 1290 illos,
1544 1214 1629 1277 2160

525 1326 571 1393 Vt
591 1325 688 1408 uidet,
708 1324 890 1414 aggreditur
906 1325 985 1392 laxis
1004 1325 1138 1393 emissus
1157 1323 1287 1392 habenis

526 1439 737 1529 Palantesque
755 1442 836 1529 capit
855 1442 975 1528 primos
994 1440 1038 1507 nil
1057 1440 1118 1507 tale
1136 1442 1295 1508 timentes.

527 1553 641 1622 Cetera
661 1553 751 1621 turba
769 1553 850 1643 fugit
868 1556 956 1622 sotiis
975 1553 1158 1643 pudibunda
1176 1555 1300 1636 relictis,

452 1712 454 1716 ι
526 1668 566 1735 Et
583 1667 708 1734 rediens
725 1668 831 1756 patriis
850 1667 981 1735 diffusos
999 1666 1115 1735 finibus
1134 1668 1242 1735 hostes

527 1783 651 1853 Omnia
669 1803 828 1853 uastantes
847 1803 951 1853 mesto
970 1806 1118 1851 sermone
1137 1783 1260 1853 fatetur.
1543 1793 1628 1875 2165

525 1899 695 1989 Extemplo
714 1901 828 1969 turbati
847 1902 945 1967 animi
964 1923 1182 1989 concussaque
1201 1900 1290 1990 uulgi

525 2018 668 2100 Pectora,
688 2037 720 2085 et
736 2019 900 2085 inmensus
920 2036 1021 2085 totam
1040 2039 1140 2106 pauor
1158 2036 1293 2106 occupat
1312 2018 1435 2085 urbem.

525 2133 598 2200 Hoc
617 2133 711 2221 igitur
729 2156 857 2201 rumore
875 2155 1006 2222 pauens,
1025 2135 1218 2222 quicumque
1237 2117 1303 2201 erat
1320 2152 1407 2201 extra

524 2245 619 2315 Vrbis
638 2245 782 2328 claustra,
800 2245 894 2335 fugit;
915 2245 1092 2314 monachos
1111 2269 1240 2335 quoque
1259 2265 1357 2314 terror
1375 2248 1408 2314 in
1428 2247 1544 2315 urbem

525 2362 643 2449 Regius
662 2361 779 2429 inuitos
798 2360 923 2430 deserto
938 2384 1010 2428 rure
1029 2363 1147 2449 coegit,
1539 2383 1631 2450 2170

523 2476 568 2543 Vt
586 2475 749 2565 quondam
768 2494 860 2542 natos
880 2475 1031 2558 Ionadab,
1051 2498 1132 2565 quos
1152 2475 1267 2543 ducere
1285 2477 1385 2543 uitam

524 2592 608 2662 Rure
626 2609 714 2680 pater
732 2591 844 2659 duram
864 2592 962 2674 iussit,
983 2591 1124 2659 mirabile
1143 2591 1239 2674 dictu,

524 2708 569 2774 Vt
586 2730 646 2774 nec
664 2705 780 2775 habere
798 2707 915 2774 domos
933 2706 992 2774 illis
1010 2731 1070 2774 nec
1089 2705 1192 2775 dulcia
1210 2707 1326 2774 Bacchi

523 2822 643 2891 Pocula
661 2846 721 2891 nec
740 2823 860 2891 cultum
880 2825 1032 2892 sementis
1051 2846 1145 2891 nosse
1164 2824 1279 2892 liceret.

521 2941 565 3006 At
583 2962 694 3028 regem
712 2940 743 3007 V
745 2938 894 3007 intelmus
913 2939 977 3007 adit
996 2939 1164 3007 sceleratus
1182 2959 1214 3008 et
1232 2939 1344 3007 urbem
1534 2960 1624 3027 2175

521 3052 646 3120 Deserit
666 3053 832 3120 attonitam
851 3052 987 3141 fugiens,
1007 3077 1063 3121 seu
1083 3052 1257 3120 Mediolani

522 3165 689 3234 Excidium
708 3168 834 3250 metuit;
854 3191 920 3249 seu,
940 3166 1028 3257 quod
1047 3191 1125 3236 mox
1143 3166 1229 3234 fama
1247 3166 1375 3248 ferebat,

521 3283 674 3351 Exercere
693 3283 804 3352 dolum
823 3283 992 3351 meditatur
1011 3285 1043 3350 in
1062 3303 1127 3351 arte
1146 3283 1292 3367 nefanda,

520 3398 619 3466 Posse
637 3418 722 3467 ratus
740 3399 890 3489 prodesse
910 3401 1022 3489 magis,
1043 3401 1068 3467 si
1086 3399 1180 3489 fingit
1198 3400 1329 3483 obesse3

520 3511 584 3580 Seu
603 3513 724 3579 maiora
743 3512 807 3580 dari
827 3515 874 3581 uir
893 3537 1005 3582 auarus
1024 3499 1156 3582 munera
1175 3531 1287 3602 sperat.
1530 3515 1620 3582 2180

519 3629 642 3697 Interea
662 3627 785 3697 clausos
805 3631 911 3698 Trecii
929 3654 984 3698 rex
999 3631 1147 3699 menibus
1166 3633 1228 3698 acri

520 3741 700 3811 Obsidione
719 3746 804 3812 uiros
824 3744 969 3834 belloque
988 3747 1133 3814 euincere
1154 3765 1258 3813 certat.

519 3857 567 3926 Illi
588 3878 694 3926 autem
713 3878 823 3928 contra
842 3859 932 3928 firma
952 3884 985 3928 se
1004 3881 1113 3930 mente
1128 3864 1219 3944 tueri,

517 3974 681 4042 Auxilium
700 3976 809 4066 populi
828 3996 988 4065 sperantes
1009 3977 1193 4046 Mediolani.

518 4089 649 4179 Iamque
672 4089 738 4158 dies
758 4091 895 4181 alterque
915 4091 980 4161 dies
1000 4112 1194 4181 processerat
1213 4111 1243 4160 et
1263 4095 1325 4159 iam
1526 4094 1615 4180 2185

479 4330 543 4388 2157.
563 4331 618 4377 Cod.
635 4332 682 4389 Ipsi
740 4345 808 4394 ²¹73·
827 4334 921 4393 uaccni]
940 4335 995 4381 Cod.
1014 4335 1075 4380 bathi
1129 4347 1189 4392 ²¹74·
1207 4335 1324 4393 sementis]
1343 4334 1397 4380 Cod.
1414 4334 1521 4380 seuientit
1538 4347 1552 4378 e
1567 4295 1620 4380 coil

425 4422 515 4456 annno
529 4411 548 4456 ΙΙ
564 4411 628 4457 Irin.

426 4611 502 4668 aido
518 4611 561 4669 cf.
577 4612 666 4669 Vane.
679 4618 742 4671 Aen.
759 4617 804 4684 IX,
819 4634 862 4690 49.
1033 4620 1109 4675 2166.
1125 4622 1167 4676 Cf.
1183 4623 1274 4677 Vnus.
1288 4623 1352 4676 Aer.
1366 4620 1413 4685 IV,
1428 4635 1487 4690 499.

425 4692 501 4750 2161,
517 4695 560 4752 ef.
577 4697 665 4752 Vetto.
681 4701 743 4754 Am.
760 4700 780 4767 1,
796 4701 838 4769 63.
1033 4707 1216 4776 2171111111.
1232 4703 1345 4770 XXXV,
1359 4701 1414 4758 bs.

425 4780 501 4848 2165.
517 4780 606 4838 Vane.
623 4786 685 4839 Aen.
701 4784 774 4850 VIII,
789 4802 814 4852 4
1032 4792 1110 4860 2185.
1123 4792 1212 4846 Vane.
1225 4794 1287 4847 Am.
1301 4790 1347 4855 111,
1365 4789 1423 4861 356.
