3300 5796
585 385 709 496 GEsin
737 441 776 496 DI
805 440 993 497 FEDERICO
1021 442 1044 495 1.

342 686 488 756 Deficere
507 707 538 757 et
556 688 669 756 metuit
688 689 835 757 meritam
850 705 923 777 post
941 688 1037 776 prelia
1054 712 1192 778 penam;

209 807 295 890 3065
343 803 407 870 Seu
425 820 515 891 putat
533 803 693 891 insignem
713 802 916 872 Fredericum
934 802 1021 892 larga
1039 804 1187 872 daturum

343 918 480 1001 Premia,
498 920 525 984 si
543 916 656 1008 prodat
674 918 783 1009 populi
799 938 918 988 secreta
937 918 1121 1010 cremensis

341 1028 486 1101 ¹Consilia
505 1051 537 1101 et
555 1051 713 1102 monstret
731 1055 793 1123 qua
811 1034 912 1122 possit
929 1035 1049 1102 uincier
1068 1055 1142 1103 arte.

343 1149 405 1216 Hic
425 1149 474 1216 uir
492 1149 525 1215 in
544 1147 700 1217 artificum
719 1172 854 1217 numero
872 1147 1010 1237 pollebat
1028 1168 1060 1217 et
1079 1172 1176 1218 omne

344 1264 524 1332 Consilium
543 1263 651 1353 populi
675 1282 856 1354 secretaque
874 1282 987 1333 cuncta
1006 1264 1133 1333 sciebat.

345 1380 430 1468 Ergo
450 1378 503 1447 ubi
522 1398 695 1447 nocturnas
713 1379 826 1469 repulit
844 1379 898 1448 lux
918 1398 987 1447 orta
1005 1377 1149 1447 tenebras

344 1497 383 1563 Et
401 1496 502 1584 patuit
520 1495 673 1583 migrasse
692 1495 807 1577 uirum,
828 1493 920 1562 dolor
937 1495 1044 1584 iraque
1064 1514 1187 1564 mentes

344 1609 507 1677 Inuadunt
524 1610 691 1692 iuuenum,
710 1628 814 1677 metus
833 1632 948 1677 omnes
967 1629 1101 1699 occupat
1119 1610 1244 1699 ingens.

344 1723 440 1793 Haud
459 1724 547 1792 aliter
565 1747 644 1792 seuo
663 1742 843 1814 quassatam
861 1725 985 1793 turbine
1005 1724 1140 1793 classem

344 1839 505 1908 Fluctibus
525 1842 559 1907 in
578 1840 691 1907 mediis
710 1863 785 1908 cum
804 1840 910 1908 nauita
930 1839 1011 1908 forte
1029 1840 1189 1930 relinquit,

345 1955 531 2024 Turbantur
550 1955 684 2022 comites
703 1971 913 2044 metuuntque
933 1957 1075 2024 amittere
1095 1957 1212 2038 uitam,

327 2068 472 2147 vSolatur
489 2069 645 2159 populum
663 2088 823 2138 rectomm
842 2070 933 2137 turba
951 2068 1129 2153 dolentem,

342 2185 509 2274 Vniusque
528 2183 640 2273 fugam
652 2167 693 2251 se
712 2184 757 2252 nil
776 2207 883 2252 curare
901 2183 1026 2267 fatetur,

344 2298 431 2367 Cum
451 2298 522 2367 lecti
542 2298 675 2366 artifices
695 2316 844 2388 superent
862 2299 1056 2386 iuuenesque
1074 2297 1208 2380 feroces,

344 2413 413 2495 Qui
431 2415 547 2482 uirtute
565 2437 622 2482 sua
642 2414 768 2483 ualeant
786 2412 954 2482 defendere
973 2431 1099 2482 terram.

343 2531 414 2599 Nec
434 2530 541 2597 minus
562 2530 704 2598 hortatur
723 2547 847 2596 mentes
866 2527 905 2596 ad
924 2527 1005 2596 bella
1023 2530 1181 2611 remissas,

344 2647 538 2734 Exacuitque
557 2646 653 2727 uiros,
672 2668 730 2712 sua
748 2643 846 2713 forcia
864 2643 946 2711 facta
965 2643 1145 2713 recordans.

345 2761 480 2828 Accensi
500 2759 589 2828 dietis
608 2760 742 2828 iuuenes
760 2759 954 2849 monitisque
972 2759 1081 2826 refecti

346 2875 426 2942 Mox
445 2893 564 2943 struere
583 2874 730 2942 affectant
749 2874 850 2941 aciem
870 2873 1052 2962 bellumque
1071 2895 1214 2941 mouere.

347 2991 433 3079 Ergo
452 3008 548 3058 munt
566 2991 664 3080 portis
683 3008 795 3079 etqua
814 2987 941 3058 testudo
960 2989 1019 3056 sub
1037 2989 1112 3077 ipsis

215 3106 299 3192 3085
348 3103 456 3173 Stabat
474 3103 578 3172 adhuc
598 3105 696 3172 muris
714 3102 799 3171 fossa
819 3103 947 3172 dimissa
966 3105 1096 3193 repleta,

348 3219 532 3288 Turmatim
552 3220 685 3287 ueniunt
704 3237 736 3286 et
754 3242 826 3286 eam
845 3218 940 3287 simul
957 3218 1085 3307 ignibus
1104 3235 1210 3286 urunt.

344 3333 424 3402 Inde
442 3334 526 3402 cient
545 3332 664 3402 bellum
683 3334 752 3403 telis
773 3357 809 3402 ac
829 3357 909 3402 uoce
927 3353 1088 3423 proterua,

343 3451 543 3540 Incitantque
561 3450 644 3518 feros
664 3451 790 3538 magnis
810 3449 1001 3518 clamoribus
1021 3449 1140 3517 hostes.

343 3567 387 3633 At
406 3566 470 3634 cito
486 3567 640 3655 susceptis
658 3589 729 3654 pars
748 3566 835 3654 regia
854 3566 1001 3634 cominus
1021 3566 1115 3633 armis

212 3701 298 3768 3ο9ο
344 3680 561 3770 Congreditur
578 3704 769 3771 summaque
788 3681 873 3748 uiros
892 3682 1008 3750 uirtute
1026 3680 1158 3770 repellit.
1253 3661 1255 3665 ‚

342 3795 484 3864 Vulnera
502 3795 684 3865 uulneribus
704 3797 887 3876 miscentur,
905 3797 1034 3885 sanguis
1053 3797 1211 3885 utrimue

345 3911 447 3978 Fusus
467 3911 532 3998 agit
549 3911 645 3992 riuos,
664 3909 700 3978 fit
719 3929 839 3999 strages
859 3909 926 3978 dira
945 3911 1099 3978 uiromm.

346 4026 496 4115 Cumque
513 4025 609 4095 simul
627 4045 754 4094 ruerent
773 4049 790 4093 e
809 4027 929 4094 cunctis
949 4025 1079 4114 agmina
1098 4027 1215 4108 castris,

345 4139 439 4209 Cedit
458 4159 490 4208 et
508 4140 546 4208 ad
566 4141 684 4209 uallum
702 4140 829 4209 retrahit
847 4164 882 4209 se
900 4140 991 4209 turba
1011 4141 1199 4208 Cremensis

210 4277 294 4343 3095
341 4258 447 4345 Atque
466 4256 507 4324 ibi
526 4280 676 4326 saxomm
695 4257 807 4324 nimbo
827 4257 1013 4346 leuibusque
1034 4257 1156 4344 sagittis

267 4461 338 4520 3067.
354 4461 410 4507 Cod.
425 4469 497 4507 artem
552 4464 615 4521 3078.
630 4462 686 4508 cod.
701 4461 773 4508 lectis.

215 4653 291 4709 3073.
305 4636 348 4693 Cf.
361 4637 450 4693 Vens.
463 4639 527 4693 Aen.
540 4638 560 4705 1,
575 4652 633 4707 551.
823 4637 898 4707 3083.
914 4637 1023 4692 Lucan.
1037 4637 1124 4692 Phars.
1140 4637 1162 4702 Ι,
1180 4651 1237 4706 119.

214 4738 291 4797 3074·
307 4721 351 4780 Cf.
363 4722 452 4778 Varro.
468 4724 532 4778 Aen.
547 4723 568 4790 I,
587 4738 644 4795 109.
823 4737 899 4794 3095.
911 4721 1000 4776 Vane.
1017 4723 1079 4777 Am.
1095 4721 1129 4788 V,
1144 4719 1186 4775 68.

1440 2528 1464 2561 ar
1478 2516 1583 2562 Genucio

1487 2573 1541 2615 1160
