3300 5796
584 459 709 515 GESTA
736 461 774 516 Dl
803 460 992 517 FEDERICO
1022 461 1043 516 l.

348 710 419 778 Nec
438 710 545 777 minus
564 707 697 776 infestos
716 709 831 776 instate
849 708 987 775 atrocius
1007 706 1126 775 hostes.

349 826 434 913 Ergo
453 824 506 891 diu
526 823 602 913 quid
621 843 718 912 agant
733 847 842 891 secum
861 825 942 890 inter
961 846 1057 913 seque
1077 822 1260 906 uolutant3'

348 940 427 1008 Inde
448 959 565 1008 uocant
583 940 740 1030 populum
756 958 865 1029 etque
881 940 921 1006 sit
940 941 1096 1007 sententia
1116 938 1206 1007 dictis

347 1054 506 1123 Tristibus
525 1075 691 1144 exponunt
709 1055 907 1144 lacrimisque
927 1055 1092 1123 hortantur
1113 1054 1245 1138 obortis,

214 1191 300 1257 3125
348 1172 393 1238 Ut
410 1193 445 1238 se
463 1172 576 1239 uictori
594 1169 719 1239 tradant
736 1188 768 1237 et
786 1171 893 1238 menia
911 1171 992 1258 tegi,

349 1286 435 1353 Cum
453 1303 539 1353 uetet
556 1283 700 1353 infensus
719 1283 776 1352 celi
796 1287 885 1354 Deus
905 1285 956 1353 illa
974 1287 1084 1352 teneri.

347 1404 390 1469 At
408 1402 555 1491 populus,
574 1403 673 1490 patrie
692 1420 800 1492 captus
819 1401 986 1470 dulcedine
1006 1421 1096 1484 terte,

347 1517 521 1586 Rectorum
540 1518 670 1585 monitis
690 1517 800 1587 durata
819 1536 928 1586 mente
946 1519 1070 1600 resistit,

348 1635 387 1700 Et
406 1656 440 1699 se
459 1633 553 1700 malle
572 1634 654 1701 mori
673 1633 816 1722 perhibet
834 1657 944 1723 quam,
963 1632 1038 1700 sede
1055 1632 1174 1713 relicta,

216 1769 301 1833 3130
346 1749 474 1829 Viuere,
493 1746 571 1816 dum
590 1767 740 1836 superent
758 1749 813 1837 qui
831 1750 954 1838 possint
973 1770 1060 1815 arma
1079 1770 1221 1815 monete,

342 1864 414 1948 Jam
434 1863 529 1930 solito
549 1887 643 1931 cursu
663 1862 836 1952 complerat
855 1864 969 1951 septies
986 1862 1098 1930 orbem

348 1978 439 2045 Luna
458 2000 553 2046 suum
573 1979 758 2066 tociensque
778 2000 882 2045 nouos
901 1994 1099 2066 reparauerat
1118 1977 1224 2064 ignes;

348 2091 443 2159 Tunc
463 2091 610 2180 populns,
629 2092 727 2158 nimia
746 2089 911 2180 depressus
931 2090 1018 2158 mole
1038 2091 1207 2173 malorum,

348 2208 486 2295 Exoptat
504 2205 633 2275 tandem
653 2208 761 2294 requie
781 2224 904 2274 mutare
923 2206 1078 2287 laborem,

348 2322 592 2410 Consiliumque
611 2322 693 2410 capit
711 2322 779 2409 regi
797 2344 832 2388 se
852 2320 974 2388 tradere
993 2343 1136 2402 summo,

346 2437 380 2503 Si
400 2435 519 2504 donare
539 2435 615 2504 uelit
633 2459 742 2525 pacem
763 2436 955 2525 ueniamque
974 2435 1110 2524 roganti.

348 2553 427 2619 Mox
448 2552 536 2620 ducis
556 2553 687 2619 Henrici
705 2551 779 2620 fidei
797 2575 832 2619 se
851 2552 961 2634 credit,
980 2570 1011 2619 et
1029 2553 1135 2640 ipsum

265 2756 273 2765 p
347 2669 602 2735 Interuentorem
622 2669 706 2755 pacis
725 2685 817 2755 rogat
836 2691 905 2735 esse
923 2667 1030 2756 petite.

261 2767 264 2773 s
348 2782 409 2848 Hic
428 2783 525 2870 igitur
543 2805 652 2870 regem
672 2780 817 2871 precibus
836 2782 1029 2869 monitisque
1048 2779 1225 2847 uerendum

348 2897 472 2979 Flectit,
490 2917 525 2964 ut
543 2898 678 2966 intactos
696 2897 856 2986 permittat
876 2895 959 2962 abire
979 2895 1171 2963 Cremenses

347 3010 580 3101 Relliquiasque
599 3012 694 3079 simul
713 3036 820 3080 rerum
837 3030 963 3100 portare
982 3034 1122 3078 suarum.

344 3127 396 3194 Sic
417 3127 535 3194 Cremu
554 3126 718 3209 deseritur,
738 3128 854 3194 misero
875 3128 1032 3214 migrante
1051 3124 1182 3205 colono,

347 3242 508 3331 Curtaque
527 3261 679 3332 portatur,
699 3241 778 3310 duce
799 3240 1004 3324 concedente,
1024 3241 1176 3329 supellex.

344 3359 399 3425 Hii
419 3358 555 3427 tendunt
574 3360 688 3426 iterum
708 3357 856 3425 uincendi
877 3357 1109 3438 Mediolanum,

345 3473 399 3539 Hii
418 3492 588 3561 properant
606 3472 679 3554 alio,
699 3495 764 3560 quo
784 3472 844 3539 lert
862 3495 919 3538 sua
938 3494 1098 3559 quemque
1117 3469 1276 3537 uoluntas.

345 3588 433 3655 Illico
453 3588 583 3655 flamma
602 3611 715 3669 uorax,
734 3588 854 3676 populo
874 3610 1028 3655 succensa
1047 3587 1223 3667 Cremone,

344 3705 452 3770 Menia
472 3703 646 3792 corrumpit
664 3702 780 3771 castelli
799 3702 905 3792 pulcra
926 3703 1120 3770 Cremensis.

345 3818 483 3906 Templa
502 3817 682 3907 domusque
700 3837 807 3899 ruunt,
826 3841 936 3887 murus
955 3840 1084 3906 quoque
1103 3814 1242 3883 concidit
1261 3814 1350 3885 altus

344 3933 432 4000 Tota
450 3934 529 4001 iacet
547 3934 711 4023 quondam
732 3934 855 4023 populis
876 3936 994 4002 Crema
1012 3931 1109 4021 digna
1129 3932 1244 4000 timeri.

265 4138 331 4187 3¹²3·
347 4125 402 4172 Cod.
419 4135 501 4170 uocem
557 4139 624 4186 31²4·
639 4125 692 4171 Cod.
706 4126 792 4170 abortis
848 4126 919 4184 3¹4⁶·
933 4125 1032 4185 flammo]
1048 4126 1104 4171 Cod.
1119 4123 1208 4169 flamina

213 4315 288 4369 3123.
309 4299 352 4354 Cf.
368 4300 456 4354 Vnae.
473 4301 536 4355 Aen.
553 4299 601 4366 XI,
619 4313 676 4368 ³¹4·
857 4320 870 4348 u
882 4300 982 4369 tegrini
993 4299 1192 4370 Aquilegiensis
1202 4296 1351 4352 aecclesiae
1362 4315 1406 4368 pa-

213 4398 288 4452 3¹24·
306 4383 349 4439 Cf.
364 4383 454 4438 Veto.
470 4386 532 4439 Am.
549 4384 596 4450 Ill,
611 4399 672 4456 492.
856 4383 1012 4437 «triarchae
1032 4383 1165 4454 simulque
1188 4383 1310 4436 Heinrici
1329 4382 1405 4436 ducis

213 4467 289 4536 3128.
307 4466 348 4521 ef.
364 4467 473 4521 Lucam.
489 4468 576 4522 Phara.
589 4467 623 4532 V,
639 4467 698 4538 798.
855 4488 869 4516 u
882 4469 1022 4520 Baioariae
1042 4478 1068 4520 et
1081 4466 1216 4520 Saxoniae
1236 4465 1404 4537 colloquium

213 4567 241 4604 τι
248 4550 288 4621 36.
303 4552 392 4606 Vane.
407 4553 471 4606 Aen.
487 4553 534 4618 XI,
554 4567 610 4606 101.
854 4562 1009 4621 «expetunt
1019 4571 1042 4602 a.
1066 4551 1214 4604 Rtuawuu
1239 4550 1313 4605 Gesta
1333 4550 1403 4603 frid„

213 4636 287 4705 3138.
303 4634 358 4687 «ln
370 4637 451 4688 tantis
466 4651 532 4705 ergo
551 4651 642 4687 rerum
657 4637 796 4704 angustiis,
855 4633 901 4700 IV,
915 4635 929 4704 §
943 4651 984 4703 70.

248 4717 388 4773 «consilio
409 4721 574 4773 necessitatis
599 4717 727 4785 adhibito,
746 4718 796 4772 Pe·
820 4733 896 4789 3¹45·
910 4718 954 4774 Cf.
970 4718 1058 4772 vnio.
1073 4720 1126 4773 Aen
1148 4716 1195 4782 Vl,
1209 4715 1271 4788 675.
