3300 5796
533 453 658 510 GESTA
685 454 725 508 DI
752 454 940 511 FEDERICO
970 456 989 509 Ι.

211 725 222 735 ·
295 703 371 769 Heu
391 701 475 769 mala
492 702 641 772 Romana
658 704 824 791 presertim
841 702 916 771 sede
935 705 1054 793 uigere,

294 817 423 885 [usticie
441 818 584 905 precium
602 817 667 884 iam
687 818 791 887 Rome
808 818 1000 907 preualuisse

292 934 401 1022 Atque
419 930 528 1000 locum
546 933 621 1001 iuris
640 933 745 1002 Rome
762 935 905 1022 precium
924 934 1109 1018 obtinuisse,

294 1050 324 1114 A
343 1049 444 1136 capite
462 1048 496 1116 in
516 1070 630 1137 corpus
648 1050 763 1117 uitium
782 1048 911 1117 fluxisse
930 1051 1109 1139 malignum

295 1164 484 1253 Cunctaque
504 1164 649 1232 membra
666 1166 755 1253 sequi
773 1166 916 1254 precium
935 1189 1115 1257 munusque
1135 1167 1320 1256 benignum,

296 1278 420 1348 Omnia
438 1302 513 1347 cum
531 1279 637 1367 precio
656 1278 725 1346 fieri
743 1278 913 1369 diuinaque
931 1280 1037 1364 uendi,

295 1392 398 1474 Quod
415 1395 522 1483 precio
542 1414 645 1462 careat
663 1393 849 1483 despectum
867 1419 994 1484 prorsus
1015 1395 1131 1464 haberi.

295 1510 370 1576 Hoc
388 1528 453 1578 erat
470 1509 601 1578 Arnaldi
620 1509 735 1577 famosi
753 1509 874 1599 dogma
893 1512 1046 1600 magistri,

295 1624 397 1705 Quod
415 1626 522 1694 multis
543 1627 714 1693 hominum
732 1625 801 1693 sola
819 1628 961 1695 nouitate
980 1626 1140 1715 placebat3

296 1742 370 1808 Hoc
389 1743 516 1831 Europa
533 1740 663 1830 quidem
682 1739 784 1808 fuerat
802 1743 866 1808 iam
885 1740 1039 1829 dogmate
1057 1741 1161 1829 plena,

296 1858 369 1924 Hoc
388 1859 472 1945 prius
490 1858 524 1924 in
543 1858 642 1946 patria
660 1856 779 1924 fructus
799 1856 927 1945 collegit
945 1857 1086 1939 acerbos,

295 1973 547 2061 Doctrinamque
564 1974 612 2040 tui
630 1971 746 2069 luxisti,
767 1974 881 2055 Brixia,
902 1974 995 2054 ciuis;

295 2089 369 2155 Hoc
388 2089 485 2158 etiam
504 2110 661 2176 magnum
680 2086 818 2156 turbauit
837 2087 1060 2154 Mediolanum

293 2206 434 2272 Necnon
454 2205 635 2274 Romanam
654 2203 779 2271 facilem
798 2226 884 2271 noua
903 2202 1029 2270 credere
1048 2202 1185 2291 plebem,

296 2319 368 2386 Hoc
388 2317 580 2406 ubicumque
599 2318 657 2386 fuit
677 2319 844 2386 connrouit
862 2317 1074 2385 sedicionem:

295 2433 481 2531 Decipiebat
501 2436 589 2501 enim
607 2434 761 2522 populum
780 2431 839 2501 sub
860 2435 1000 2520 imagine
1019 2433 1095 2501 ueri.

296 2550 393 2617 Hunc
411 2548 523 2630 uoluit,
542 2568 591 2617 set
610 2573 677 2616 non
697 2548 804 2631 ualuit,
825 2569 1011 2616 conuertere
1030 2572 1176 2617 summus

296 2664 408 2731 Pastor
426 2664 617 2751 apostolicus
637 2662 728 2731 dictis
747 2666 936 2753 monuitque
956 2663 1102 2752 benignis

295 2781 408 2869 Sepius
427 2802 567 2847 errorem
586 2779 637 2847 uel
655 2779 774 2868 dogma
793 2780 968 2869 relinquere
987 2803 1131 2868 prauum.

296 2895 353 2963 Ille
371 2916 479 2963 tamen
499 2894 603 2963 uerbis
622 2919 799 2984 numquam
820 2897 954 2962 cessauit
973 2897 1087 2963 amaris

212 3035 225 3047 ·
295 3011 450 3100 Sugillare
469 3032 591 3100 patrem
610 3035 669 3079 nec
688 3035 824 3099 prauum
844 3011 964 3099 dogma
982 3012 1115 3100 reliquit.

296 3127 444 3214 Cumque
464 3129 496 3193 in
517 3126 652 3194 deterius
671 3129 813 3194 monitus
833 3127 896 3193 iam
915 3128 1020 3214 sepius
1038 3128 1096 3193 iret

295 3239 519 3330 Gauderetque
537 3266 630 3310 suam
648 3266 704 3330 per
721 3241 880 3309 mundum
901 3264 1038 3308 crescere
1057 3240 1188 3323 samam,

295 3359 391 3445 Papa,
411 3356 524 3426 dolens
543 3358 699 3446 populum
718 3359 820 3426 uitiari
838 3358 990 3445 dogmate
1009 3356 1089 3423 falso

295 3475 335 3541 Et
354 3473 484 3561 cupiens
504 3472 606 3562 aliqua
624 3474 738 3541 morbo
757 3475 879 3540 ratione
899 3471 1029 3554 mederi,

295 3591 347 3656 De
365 3590 489 3677 gremio
510 3589 628 3670 matris,
648 3607 796 3676 reputans
817 3587 1017 3655 anathemate
1037 3587 1182 3675 dignum,

295 3703 423 3793 Expulit
441 3704 571 3771 ecclesie
590 3702 756 3771 doctorem
775 3704 889 3769 scisma
909 3701 1091 3784 docentem,

295 3821 335 3887 Et
353 3819 459 3909 gladio
478 3817 620 3887 medicus
639 3821 738 3887 secuit
756 3818 939 3906 languentia
957 3818 1070 3885 doctus

295 3933 440 4017 Menbra,
461 3935 572 4002 uolens
591 3931 881 4023 reliquum'corpus
901 3936 1033 4002 retinere
1053 3934 1197 4003 salutem.

295 4052 352 4119 Set
369 4074 429 4117 nec
448 4052 492 4118 sic
512 4052 600 4140 praui
619 4050 783 4119 cohibetur
801 4051 910 4138 lingua
928 4051 1070 4138 magistri

297 4165 389 4245 Quin
407 4185 489 4234 serat
508 4189 646 4234 errorem
665 4165 806 4251 solitum,
825 4168 902 4253 quin
922 4165 1017 4233 dente
1037 4164 1179 4254 maligno

296 4279 445 4349 Mordeat
464 4280 629 4348 ecclesiam
649 4283 830 4351 Romanam
850 4281 957 4349 durius
978 4301 1070 4370 atque

218 4528 273 4572 800.
291 4527 346 4572 Cod.
362 4526 439 4573 diuina
494 4530 547 4574 802.
563 4529 612 4576 Cod
635 4528 728 4574 {omousi
783 4532 837 4585 817.
853 4530 908 4576 Cod.
924 4542 1004 4575 suuam
1060 4531 1110 4575 822.
1125 4529 1182 4574 Cod.
1196 4528 1270 4585 glacio

173 4757 226 4814 nr.
243 4758 287 4814 Cf.
301 4758 430 4815 Tenem.
444 4760 526 4816 Arndt.
543 4760 589 4826 IV,
603 4776 628 4825 2,
644 4776 683 4830 13.

273 4881 285 4935 3
