3300 5796
577 455 702 512 GESTA
730 456 769 511 DI
797 455 984 512 FEDERICO
1014 456 1034 510 Ι.

345 703 487 786 «Vrbes,
505 727 583 793 quas
603 703 766 794 quondam
785 705 960 787 subuertit3
980 728 1039 773 nec
1059 704 1133 772 sinit
1150 703 1215 773 ullo

346 819 442 886 «Has
461 842 605 908 reparare
624 819 734 903 modo,
754 819 827 887 licet
845 821 907 888 hoc
927 844 989 909 ego
1009 844 1084 909 sepe
1102 820 1252 908 rogarim,

346 934 462 1004 «Cum
481 936 589 1003 miseri
606 959 664 1004 sua
682 935 820 1024 dampna
839 936 936 1004 michi
954 937 1023 1004 sine
1041 935 1105 1003 fine
1124 953 1304 1025 querantur.

346 1077 362 1112 «
375 1051 640 1140 persequiturque
659 1051 756 1119 etiam
775 1069 886 1119 contra
903 1074 976 1119 mea
993 1052 1078 1119 iussa
1096 1051 1228 1138 Papiam

346 1193 363 1229 u
375 1166 604 1256 Finitimasque
623 1167 708 1249 alias,
728 1190 801 1235 mea
818 1190 878 1235 nec
898 1165 1046 1235 mandata
1064 1185 1200 1234 uerecur.

347 1307 363 1343 «
376 1282 504 1369 Legatis
523 1281 577 1349 dat
595 1282 693 1350 uerba
711 1282 791 1351 meis
808 1305 869 1350 nec
887 1282 972 1349 iussa
990 1281 1114 1350 facessit

347 1398 494 1486 «Meque
513 1398 619 1486 ipsum
638 1397 803 1486 quondam
821 1399 960 1467 Romam
980 1396 1173 1484 contempsit
1190 1413 1331 1463 euntem.

346 1513 489 1595 «Brixia,
508 1513 662 1602 neglectis
681 1537 743 1603 que
763 1513 837 1581 misi
854 1515 1011 1602 Pergama
1030 1513 1162 1602 scriptis,

347 1654 362 1690 «
375 1629 463 1696 Lesit
480 1648 513 1696 et
530 1629 675 1697 incautos
694 1629 821 1718 capiens
840 1629 941 1697 iurare
962 1628 1068 1716 coegit

346 1745 483 1827 «Ciues,
502 1745 589 1832 quod
608 1745 694 1813 nulla
712 1744 853 1813 facerent
869 1743 993 1813 ratione
1011 1744 1154 1832 querelas

346 1861 467 1948 «Regi,
486 1861 537 1928 uel
556 1862 704 1949 cuiquam
722 1861 925 1929 dominatum
944 1861 1019 1928 iuris
1039 1859 1179 1927 habenti.

346 1977 514 2064 «Vtraque
534 1999 614 2064 gens
633 1977 729 2064 igitur
747 1977 837 2064 regni
856 1975 987 2044 uiolauit
1005 1976 1165 2043 honorem

347 2093 425 2173 «Et,
446 2092 506 2159 nisi
524 2092 673 2180 peniteat,
694 2090 791 2180 digna
809 2109 857 2159 est
876 2091 991 2159 sentire
1009 2090 1153 2171 ruinam3

347 2232 363 2268 α
375 2207 462 2274 Nam
482 2207 680 2274 maiestatem
700 2224 843 2274 nostram
862 2229 941 2294 gens
960 2224 1091 2295 utraque
1110 2204 1190 2272 lesit.

347 2323 445 2389 «Vos
462 2322 569 2409 igitur,
587 2345 744 2410 proceres,
764 2345 859 2410 super
877 2321 943 2389 istis
963 2338 1072 2388 mente
1090 2342 1203 2388 serena

348 2435 544 2504 «Consulite
563 2456 599 2504 ut
616 2456 757 2504 ueterem
776 2437 867 2525 regni
885 2456 1030 2505 tueamur
1048 2435 1206 2502 honorem
1219 2460 1249 2499 n.

344 2552 413 2617 Hec
433 2550 487 2618 ubi
506 2550 618 2619 ductor
638 2553 681 2619 ait
699 2553 788 2619 uario
807 2574 957 2619 sermone
976 2549 1153 2619 fremebant

344 2665 492 2734 Consulti
510 2690 666 2754 proceres,
686 2690 762 2734 nam
781 2666 885 2755 plures
904 2666 991 2753 regia
1010 2666 1076 2733 iura

343 2782 424 2849 Lesa
442 2781 552 2849 dolent
569 2805 744 2870 regemque
764 2782 859 2849 nimis
879 2781 1028 2848 tolerasse
1047 2798 1222 2869 queruntur

343 2896 411 2965 Tot
430 2898 499 2965 sine
517 2897 656 2965 uindicta
675 2897 757 2965 mala
776 2897 881 2986 gentis
899 2896 980 2964 facta
999 2896 1143 2985 superbe.

342 3014 386 3080 At
403 3014 495 3102 pauci
513 3014 670 3102 populum
689 3015 833 3082 nituntur
851 3013 1073 3082 Mediolanum

344 3130 502 3196 Excusare
521 3128 672 3218 ducisque
691 3152 823 3217 grauem
841 3128 939 3197 lenire
957 3126 1099 3196 furorem

343 3243 372 3308 V
463 3264 480 3294 o
595 3264 613 3294 e
728 3265 744 3296 tr
859 3263 877 3294 o
993 3264 1010 3294 o

593 3380 609 3412 e
727 3381 742 3413 o
861 3380 877 3412 a:
994 3380 1010 3414 *

344 3495 360 3526 ὕ
461 3497 479 3527 ff
594 3496 611 3527 ἱ
727 3496 744 3527 {—
859 3496 876 3526 ὕ
991 3495 1009 3526 ί·

343 3591 389 3657 Vt
406 3609 555 3678 properet
571 3591 725 3680 regnique
744 3591 793 3659 sui
811 3609 936 3659 tueatur
954 3590 1123 3671 honorem,

345 3703 457 3783 Quem
476 3727 623 3793 peruersa
641 3704 701 3772 sibi
719 3728 799 3793 gens
817 3706 921 3795 poscit
939 3704 1124 3786 Mediolani,

344 3819 602 3909 Promittuntque
620 3844 716 3889 suum
734 3818 868 3888 domino
886 3821 955 3888 sine
973 3818 1082 3889 fraude
1101 3820 1229 3887 daturos

345 3934 582 4025 Semiriumque
599 3936 677 4024 regi,
697 3936 723 4003 si
742 3936 865 4004 uenerit
883 3936 1012 4024 agmina
1030 3933 1160 4015 ducens,

216 4071 295 4136 1545
345 4051 389 4117 Vt
407 4050 558 4138 reprimat
575 4050 730 4140 populum
749 4050 891 4119 uiolento
912 4053 1014 4119 Marte
1033 4050 1215 4140 superbum.

345 4164 492 4252 Denique
511 4165 682 4253 primatum
702 4188 835 4232 concors
854 4166 1009 4233 sententia
1028 4183 1136 4232 censet

344 4280 484 4367 Agmine
504 4280 636 4348 collecto
656 4299 768 4369 gentes
788 4280 922 4368 dignum
942 4304 1010 4348 esse
1029 4278 1152 4346 domari

265 4489 376 4548 1538·4o.
392 4489 425 4533 Lo
438 4490 517 4547 :papio
529 4502 574 4547 per
586 4490 664 4548 questi
676 4492 711 4534 tre
724 4490 788 4535 versi
797 4487 828 4540 fu
842 4488 942 4533 larem
956 4488 1040 4533 bubuco
1054 4487 1093 4532 uel
1113 4486 1170 4532 Cod.
1187 4500 1200 4532 e
1214 4487 1318 4534 soltanto
1333 4488 1358 4534 vr'
1365 4488 1402 4546 su

209 4571 295 4615 scritta
309 4571 334 4615 ta
345 4569 425 4628 prr'ma
438 4570 519 4614 lettera
532 4569 572 4614 det
583 4582 604 4614 v.
622 4569 691 4628 ¹538·
748 4583 756 4616 ι
761 4581 814 4626 542.
829 4568 885 4614 Cod.
900 4566 971 4627 possit

213 4767 287 4817 1521.
301 4749 344 4806 ef.
357 4750 445 4804 Vno.
461 4751 524 4808 Aen.
540 4749 587 4814 IV,
602 4762 661 4818 295·
821 4765 896 4819 153⁰·
909 4745 952 4804 Cf.
966 4748 1056 4803 Vero.
1069 4749 1132 4804 Am.
1147 4747 1182 4816 X,
1196 4745 1274 4820 96-7.
