3300 5796
706 600 957 657 ANONIMO

370 851 408 917 ln
428 850 513 916 uictu
533 847 690 931 modicus,
711 847 765 916 sed
785 849 873 916 uerbi
891 849 1053 937 prodigus,
1074 852 1177 938 etqui

368 964 458 1033 Vltra
477 982 672 1052 oportunum
691 982 831 1051 saperet3
851 962 1012 1031 facundus·
1025 982 1056 1031 et
1074 964 1176 1032 audax

369 1079 610 1168 Confidensque
629 1081 687 1162 sui,
708 1081 756 1147 uir
775 1080 875 1147 multe
893 1079 1075 1163 litterature,

369 1197 469 1264 Cuius
490 1194 665 1262 doctrinam
686 1194 821 1262 breuiter
838 1194 1001 1284 finemque
1021 1215 1132 1263 notare

368 1313 445 1379 Esse
465 1333 536 1377 reor
554 1309 700 1398 dignum,
720 1333 795 1377 nam
814 1309 933 1378 multos
953 1333 1048 1378 nosse
1067 1312 1196 1379 iuuabit

369 1429 433 1495 Iste
452 1426 631 1494 sacerdotes
649 1426 763 1514 pariter
781 1425 980 1515 populosque
998 1427 1139 1494 minores

369 1542 535 1632 carpebat,
556 1542 751 1629 dampnans3
771 1567 805 1610 se
825 1542 929 1610 solum
949 1545 1057 1611 uiuere
1077 1564 1169 1627 recte,

366 1661 426 1726 Ast
444 1658 522 1724 alios
541 1679 642 1724 errare
661 1676 787 1745 putans,
806 1659 866 1724 nisi
885 1661 939 1747 qui
958 1658 1136 1726 uoluissent
1360 1684 1425 1750 770

367 1776 443 1842 Eius
463 1772 583 1861 dogma
601 1774 700 1862 sequi.
743 1773 861 1840 summi
880 1795 1009 1863 quoque
1027 1774 1158 1862 presulis
1178 1796 1247 1842 acta

311 1916 314 1924 ·
368 1888 536 1957 Mordebat
554 1889 701 1978 grauiter,
720 1887 865 1977 parcebat
884 1886 1019 1978 denique
1038 1889 1126 1972 nulli,

366 2007 513 2094 Veraque
532 2004 683 2071 miscebat
703 2002 787 2070 falsis
807 2002 977 2092 multisque
994 2003 1147 2093 placebat.

367 2122 430 2187 Pro
449 2118 580 2187 decimis
599 2118 696 2187 laicos
715 2117 908 2207 dampnabat
925 2121 1041 2209 quippe
1060 2121 1198 2203 retentis,

367 2236 486 2302 Vsuras
504 2253 673 2323 raptusque
692 2256 807 2302 omnes
827 2253 858 2302 et
875 2236 977 2324 turpia
996 2234 1091 2318 lucra,

366 2349 453 2418 Bella
471 2349 647 2418 simultates
664 2349 757 2418 luxus
777 2350 910 2438 periuria
930 2348 1022 2418 cedes

367 2466 463 2532 Furta
481 2464 572 2532 dolos
592 2483 761 2554 turpesque
780 2465 901 2547 thoros,
922 2465 1057 2532 carnalia
1077 2484 1199 2548 cuncta,

366 2581 411 2647 Vt
431 2580 589 2668 Scriptura
609 2578 712 2662 docet,
733 2581 797 2648 uite
816 2579 968 2648 referebat
986 2580 1109 2649 obesse.

366 2694 500 2763 Nullum
517 2693 663 2784 palpabat
676 2695 804 2777 uitium3
824 2718 969 2763 resecans
984 2695 1172 2784 languencia
1190 2697 1343 2779 membra,

352 2812 412 2878 .Vt
430 2807 534 2878 fatuus
554 2809 706 2893 medicus,
726 2834 800 2879 cum
819 2810 891 2877 lesis
910 2833 986 2879 sana
1004 2811 1156 2879 trahebat.
1360 2817 1425 2902 780

367 2928 516 3016 Namque
535 2925 713 2994 sacerdotes
732 2926 884 3016 reprobos
904 2929 1108 3016 Simonisque
1126 2951 1285 3017 sequaces,

367 3043 441 3110 Eius
460 3043 513 3130 qui
531 3043 637 3131 precio
661 3041 763 3111 uoluit
782 3041 889 3110 diuina
907 3061 1025 3125 tenere,

368 3159 495 3225 Omnes
516 3158 680 3240 censebat3
700 3159 754 3226 uix
773 3181 891 3247 paucos
911 3157 1095 3248 excipiebat,

365 3273 435 3341 Nec
454 3272 567 3341 debere
585 3273 644 3339 illis
664 3272 819 3361 populum
838 3270 950 3366 delicta
969 3273 1069 3356 fateri,

366 3388 432 3470 Set,
453 3388 556 3476 magis
575 3386 769 3470 alterutrum,
789 3411 848 3455 nec
868 3411 981 3459 eorum
999 3386 1125 3456 su'me‘re
1145 3412 1241 3458 sacra.
1359 3393 1422 3480 785

367 3503 522 3569 Enormes
542 3503 667 3591 penitus
687 3503 863 3571 monachos
883 3502 1006 3572 dicebat
1027 3523 1058 3572 et
1078 3490 1164 3592 ipsos

365 3619 443 3684 Non
463 3619 640 3685 monachos
659 3642 736 3687 uero
754 3621 817 3687 iam
836 3620 970 3688 nomine
987 3643 1081 3710 posse
1100 3623 1216 3690 uocari.

366 3732 536 3801 Pontifices
555 3732 648 3801 rebus
668 3757 805 3823 magnos
824 3734 945 3804 inhiare
963 3735 1089 3805 caducis

367 3850 406 3916 Et
424 3872 482 3937 pro
500 3850 631 3917 terrenis
651 3849 776 3918 celestia
794 3875 941 3939 spernere
947 3878 956 3935 ;
977 3875 1086 3921 causas

364 3965 480 4047 Nocte,
501 3964 561 4047 die,
581 3966 688 4053 precio
707 3985 847 4055 sumptu,
865 3968 1016 4035 trutinare
1034 3967 1176 4036 forenses
1356 3991 1422 4057 790

349 4076 585 4166 'Officiumque
604 4078 654 4145 alii
673 4098 864 4168 postponere
882 4081 1094 4169 pontificatus

366 4194 428 4259 Pro
448 4215 512 4282 quo
531 4192 752 4281 dampnandos
771 4195 918 4264 censebat
937 4217 1039 4264 morte
1057 4196 1231 4287 perhenni3

365 4310 570 4398 Vnoquoque
589 4308 736 4376 homines
756 4311 882 4378 uitiatos
902 4311 1012 4379 ordine
1033 4333 1164 4380 cunctos

366 4423 534 4507 Firmabat,
554 4448 613 4492 uec
633 4448 737 4492 amare
758 4426 863 4493 Deum
884 4451 942 4494 nec
962 4451 1067 4495 amare
1085 4430 1309 4517 propinquum.

285 4644 341 4702 7⁶5·
357 4644 412 4690 Cod.
428 4631 513 4690 litt'r'are
568 4646 623 4705 789.
639 4646 695 4690 Cod.
710 4645 802 4690 terrenis
857 4658 910 4705 792·
926 4646 984 4692 Cod.
998 4649 1115 4693 trussebot
1128 4661 1141 4692 e
1154 4647 1268 4706 perhemni

233 4890 292 4945 773.
306 4872 348 4930 Cf.
362 4874 474 4930 Horum.
488 4875 533 4946 Ep.
547 4873 579 4928 od
595 4875 643 4930 Pis.
661 4891 718 4942 151.
843 4877 902 4944 787.
917 4874 958 4930 Cf.
972 4878 1043 4932 Rur.
1057 4877 1133 4931 Nau.
1147 4878 1186 4932 Da
1199 4877 1250 4933 red.
1263 4878 1283 4944 1,
1297 4892 1358 4945 441.
