3300 5796
427 470 553 528 GESTA
581 472 620 526 DI
648 472 836 529 FEDERICO
866 474 885 527 1.

56 720 141 806 1285
195 719 374 808 «Namque
393 736 426 786 et
443 719 610 807 Pergamei
629 718 748 786 multos
768 719 886 808 cepisse
906 720 1058 788 sciuntur.

195 835 390 902 «Extinctos
409 833 490 902 ultra
508 832 548 902 ad
566 834 667 901 uitam
686 855 835 901 reuocare
855 836 1035 924 nequimus,

196 952 268 1017 «At
286 969 395 1039 captos
415 950 511 1018 decus
531 968 588 1032 est,
608 967 644 1017 ut
663 971 735 1017 mos
753 949 813 1018 fuit
832 969 915 1033 ante,
936 953 1052 1019 remitti

195 1093 211 1129 u
224 1065 471 1155 Pergameisque
487 1064 591 1154 placet
609 1086 734 1133 morem
753 1087 878 1132 seruare
898 1084 1073 1134 uetustum.

195 1182 293 1248 «Vos
311 1182 408 1270 igitur
425 1204 577 1270 responsa
595 1179 692 1247 michi
713 1179 797 1247 bona
816 1178 946 1263 reddite,
966 1182 1061 1268 ciues,

56 1315 145 1382 1290
195 1321 211 1358 (ι
223 1295 304 1378 Nec,
324 1296 398 1385 quia
418 1297 578 1363 Fortunae
597 1313 717 1364 uestras
735 1293 828 1364 fauor
845 1295 957 1364 extulit
976 1295 1050 1379 alas,

194 1411 397 1501 «Displiceat
414 1411 509 1479 solito
528 1410 749 1480 moderamina
767 1432 857 1480 more
876 1412 981 1480 subite
993 1438 1023 1480 n.

192 1527 284 1595 Talia
303 1526 420 1595 dicenti
439 1529 617 1595 Brixienses
636 1526 709 1595 talia
727 1526 881 1596 reddunt:

195 1642 373 1712 «Dedecus
391 1645 576 1712 inmensum
595 1643 688 1712 nobis
706 1642 818 1711 fecisse
836 1645 979 1713 sciuntur

195 1761 391 1850 «Pergamei
409 1761 478 1829 sine
496 1761 563 1829 iure
581 1761 650 1842 uiri,
671 1761 735 1850 qui,
755 1779 864 1828 nostra
882 1779 1026 1829 tenentes

55 1896 141 1963 1295
195 1878 264 1945 «Vi
284 1874 418 1958 castella,
438 1877 524 1943 uiros
543 1894 699 1944 nostrates
719 1874 920 1965 expoliabant

195 1991 389 2059 «Hactenus
408 2009 444 2059 ut
462 1990 541 2060 uiles
559 2014 618 2058 nec
637 2012 692 2058 eos
711 1986 853 2058 inhibere
872 1990 1024 2058 ualentes.

195 2105 400 2174 «Castellum
420 2124 560 2173 euertere
579 2128 704 2173 nouum
722 2103 809 2194 quod
829 2107 1002 2174 struximus
1020 2105 1109 2188 olim,

193 2220 368 2310 «Corpora
387 2220 487 2289 multa
505 2222 575 2288 neci
594 2209 786 2289 nostrorum*
797 2220 1080 2290 multa-dederunt.

194 2336 294 2405 «Nos
313 2357 441 2426 quoque
460 2337 524 2403 iam
543 2335 628 2403 bello
646 2337 749 2404 uictos
768 2335 815 2403 bis
834 2353 944 2425 terque
963 2334 1124 2424 fugarunt,

145 2450 148 2456 '
193 2452 278 2520 «Set
295 2450 426 2519 tandem
446 2452 548 2521 uoluit
566 2451 672 2520 diuina
691 2453 832 2541 potentia
852 2472 998 2520 nostrum

194 2565 371 2635 «Dedecus
389 2567 495 2636 ulcisci
515 2586 721 2656 ueteremque
740 2567 865 2636 abolere
885 2566 1042 2651 dolorem,

192 2709 209 2746 «
221 2683 479 2772 Pergameosque
498 2682 584 2752 dedit
603 2685 718 2752 nostris
737 2706 883 2772 superare
901 2681 1033 2750 feroces.

193 2798 256 2865 «si
273 2796 376 2886 placet
394 2817 430 2866 ut
448 2817 556 2887 captos
575 2797 756 2881 reddamus,
776 2797 897 2867 reddite
914 2799 1056 2888 primum
1144 2856 1147 2861 ,

193 2939 208 2976 u
221 2912 398 3003 Uulpinum
418 2913 521 2996 nobis,
542 2913 629 3004 quod
649 2934 759 2982 contra
778 2916 844 2983 iura
862 2915 985 2983 tenetis.

192 3029 298 3096 «Esse
317 3026 465 3117 equidem
485 3046 633 3097 nostrum
652 3028 830 3117 Uulpinum
849 3046 984 3110 constat,
1003 3045 1036 3095 et
1054 3028 1159 3116 ipsum

194 3144 266 3212 «Ni
284 3143 428 3226 reddant,
450 3162 559 3233 captos
577 3144 741 3213 nudemus
761 3167 882 3212 carcere
902 3145 1004 3212 uictos

192 3261 325 3348 «Atque
345 3257 432 3341 alios,
452 3259 593 3328 donante
612 3261 695 3342 Deo,
715 3262 875 3349 capiemus
895 3277 927 3326 et
946 3259 1027 3328 ultra

194 3371 371 3441 «Dedecus
390 3376 557 3464 antiquum
576 3374 662 3443 nulla
680 3376 802 3443 ratione
821 3374 960 3443 feremus
972 3401 1004 3441 n.

189 3489 312 3556 Mestus
331 3488 444 3556 abbas:
470 3491 610 3556 «sinon
630 3489 728 3573 aliter,
748 3489 860 3558 ualet»
884 3491 988 3578 inquit

56 3625 143 3692 1310
192 3605 294 3672 «Hoc
312 3604 390 3688 fieti,
409 3605 575 3695 fixumque
594 3625 704 3674 manet
721 3605 809 3695 quod
827 3604 928 3674 dicitis
948 3606 1024 3694 ipsi;

192 3722 307 3810 «Ergo
326 3723 412 3810 prius
430 3723 529 3790 iurate
549 3721 646 3789 michi
665 3743 724 3790 uos
743 3720 874 3790 reddere
893 3740 1002 3811 captos

192 3838 302 3904 «Mox
321 3835 375 3905 ubi
394 3837 571 3926 Uulpinum
591 3836 683 3908 vobis
703 3858 765 3925 ego
785 3834 890 3904 fecero
908 3834 1039 3904 reddi».

189 3950 278 4019 Illico
297 3969 433 4019 rectores
452 3953 555 4020 iurant
573 3950 661 4041 quod
680 3951 801 4020 dixerat
819 3951 926 4032 abbas,

187 4067 294 4155 thue
313 4065 393 4134 fides
412 4069 515 4135 maior
532 4068 572 4135 sit
591 4069 646 4150 eis,
666 4069 768 4135 iurare
787 4089 920 4134 suorum

58 4202 139 4268 1315
188 4178 225 4247 Id
244 4178 364 4249 faciunt
382 4181 511 4250 multos.
553 4183 598 4249 sic
617 4200 754 4249 castmm
774 4180 905 4249 traditur
924 4180 1001 4262 illis3

187 4293 266 4376 Quo
285 4314 393 4365 tamen
413 4317 553 4386 accepto,
572 4295 683 4365 fallunt
702 4297 921 4386 promissaque
939 4294 1086 4364 nondum

56 4531 130 4590 1292.
145 4515 187 4572 ef.
201 4517 289 4573 Vero.
303 4520 367 4574 Aen.
381 4519 414 4586 II,
431 4535 488 4590 323.
669 4535 742 4589 1315.
758 4519 799 4574 Sic
812 4526 920 4573 castrum
933 4516 1054 4587 truditur]
1079 4516 1168 4571 L’atto
1185 4536 1200 4566 «
1210 4533 1250 4571 re·

57 4601 130 4671 1198.
144 4600 234 4656 Verte.
247 4603 310 4657 Aen.
326 4602 387 4669 XII,
405 4617 462 4671 341.
700 4603 837 4658 futationis
861 4616 888 4657 et
910 4602 1000 4657 finis»
1027 4601 1071 4656 del
1089 4601 1202 4656 castello
1221 4601 1248 4655 di

57 4698 130 4755 1299.
147 4683 190 4740 cf.
206 4685 295 4740 Vnno.
311 4687 374 4741 Aen.
389 4687 450 4754 XII,
468 4702 508 4759 34.
699 4688 820 4759 Volpino
836 4689 862 4741 ai
874 4688 1011 4742 Bresciani
1027 4689 1042 4740 e
1055 4705 1070 4740 a
1083 4699 1189 4759 stampa
1203 4685 1249 4741 nel

56 4783 130 4838 1301.
144 4768 188 4826 ef.
201 4770 290 4825 Vetto.
303 4773 368 4827 Aen.
380 4771 428 4839 XI,
441 4774 501 4846 789.
700 4773 884 4840 Gmnomco,
898 4774 989 4835 Brixia
1005 4772 1094 4838 Sacra,
1111 4786 1170 4827 212.
