3300 5796
574 456 699 514 GESTA
726 458 766 512 DI
794 455 982 512 FEDERICO
1012 455 1033 510 1.
1337 454 1395 523 123

345 708 443 776 «Nec
461 705 545 775 ualet
563 705 638 774 hinc
655 723 802 774 nostrum
821 706 931 773 necui
949 703 1110 772 discedere
1129 703 1310 793 quisquam.

347 825 474 912 «Ergo,
491 822 550 890 uiri
569 819 678 903 fortes,
696 821 821 889 animos
840 837 935 910 atque
953 841 1041 886 arma
1059 836 1177 908 parate,

346 938 415 1005 «Et
431 934 543 1026 gladiis
561 953 696 1005 reserate
714 936 812 1017 uiam,
829 952 996 1024 uestroque
1015 933 1107 1001 saluti

345 1051 540 1121 «Consulite
559 1071 591 1120 et
609 1050 692 1119 bello
710 1051 829 1141 patrios
847 1049 1008 1119 defendite
1026 1048 1119 1132 fines,

211 1170 296 1256 3280
346 1169 445 1237 «Nec
463 1166 583 1236 dubitet
600 1168 779 1258 quisquam,
799 1165 923 1235 dabitur
939 1167 1072 1234 uictoria
1093 1163 1197 1232 uobis.

346 1286 461 1354 «Nam
479 1308 583 1375 neque
601 1307 659 1375 pro
677 1284 786 1375 spoliis
804 1306 908 1374 neque
926 1282 1015 1373 quod
1032 1305 1166 1372 regnare
1184 1280 1298 1364 uelitis,

347 1403 432 1472 «Set
449 1425 507 1493 pro
525 1403 659 1485 iusticia,
679 1424 738 1492 pro
757 1402 851 1471 rebus
871 1403 938 1470 iure
956 1400 1083 1470 tuendis

347 1518 523 1602 «Ecclesie,
543 1521 650 1586 matris
669 1536 785 1600 uestre,
805 1535 966 1586 certamen
985 1517 1080 1584 initis.

347 1633 424 1701 «Sit
443 1632 553 1723 procul
572 1655 650 1722 ergo
673 1651 790 1716 metus,
808 1631 933 1700 nullum
952 1653 1040 1699 mors
1058 1648 1173 1699 terreat
1191 1648 1267 1698 atra.

350 1748 487 1837 «Erigat
503 1749 645 1838 insignes
668 1799 675 1813 .
701 1800 709 1816 .
734 1801 743 1815 .
768 1800 777 1816 .
801 1767 832 1816 et
850 1746 968 1816 fiducia
986 1765 1128 1815 mentes:

347 1865 444 1933 «Vos
462 1865 551 1932 Deus
570 1882 602 1932 et
620 1864 743 1948 melior,
762 1865 859 1932 michi
878 1863 1005 1946 credite,
1026 1885 1120 1931 causa
1138 1861 1271 1930 fouebit.

348 2004 364 2042 1
378 1977 479 2059 Quod
496 1980 523 2046 si
540 1978 624 2047 forte
642 1979 754 2069 aliquis
772 1979 856 2048 bello
876 1982 1031 2047 morietur
1048 1980 1081 2046 in
1100 1979 1172 2060 isto,

348 2095 473 2162 «Viuet
491 2096 524 2163 in
545 2114 691 2163 eternum
710 2095 817 2163 celesti
835 2094 911 2163 sede
930 2094 1052 2162 locatus
1064 2120 1096 2161 1.

344 2209 404 2275 His
422 2209 559 2298 populus
578 2211 709 2278 monitis
729 2210 898 2292 animatus,
918 2210 1029 2277 Martis
1048 2231 1193 2276 amorem

345 2321 494 2412 Concipit
512 2325 665 2392 eximium
684 2347 744 2392 nec
762 2324 818 2392 fati
836 2343 982 2413 tempora
1000 2322 1114 2405 differt,

345 2438 400 2506 Set
418 2462 497 2505 mox
515 2439 644 2508 uiriliter
663 2459 786 2509 certans
805 2441 943 2529 erumpit
961 2441 992 2507 in
1012 2440 1132 2507 hostes.

345 2552 534 2621 Terribilem
554 2552 607 2622 dat
623 2554 700 2623 tuba
717 2578 846 2638 sonum,
866 2578 961 2645 super
979 2555 1087 2623 ethera
1106 2554 1228 2622 clamor
1451 2556 1571 2655 9111160310

323 2701 331 2718 ·
346 2667 496 2751 Tollitur,
514 2671 636 2759 ingenti
655 2671 718 2739 ruit
737 2670 839 2739 audax
858 2669 949 2738 turba
967 2669 1117 2739 tumultu.

346 2783 496 2851 Protinus
514 2784 635 2853 infestis
654 2786 735 2854 acies
754 2809 883 2876 quoque
901 2787 988 2875 regia
1006 2785 1075 2854 telis

346 2898 453 2967 Currit
471 2917 503 2967 et
520 2900 689 2970 horrisono
708 2925 851 2991 pugnam
871 2901 1010 2970 clamore
1030 2902 1173 2990 capescit.

346 3012 511 3082 Consertis
531 3017 651 3106 equites
670 3017 777 3106 clipeis
796 3017 958 3107 galeisque
978 3017 1117 3084 coruscis

346 3128 389 3196 Se
407 3130 521 3218 pan'ter
538 3129 664 3215 feriunt,
684 3132 827 3222 peditum
848 3155 926 3199 mox
943 3133 1035 3221 signa
1053 3150 1215 3199 secuntur.

347 3241 493 3334 Quisque
511 3247 575 3314 suis
594 3266 716 3337 pugnat
734 3270 792 3337 pro
811 3247 947 3329 uiribus;
966 3246 1018 3315 ille
1036 3247 1165 3335 sagittas

347 3360 474 3449 Dirigit,
492 3361 543 3430 hic
562 3361 698 3451 lapides3
717 3362 824 3452 gladio
843 3363 915 3430 ferit
932 3362 984 3429 ille
1002 3361 1053 3430 uel
1073 3380 1150 3429 asta.

215 3495 302 3563 3300
347 3474 464 3544 Ictibus
485 3476 590 3546 afflicti
608 3477 735 3560 crebris,
755 3501 814 3546 ceu
833 3477 987 3568 grandine
1005 3495 1099 3560 tecta,

270 3699 334 3765 3080.
350 3705 482 3766 quisquam]
495 3709 535 3762 101.
549 3707 643 3753 11111110.
709 3709 777 3769 3085.
794 3710 817 3755 10
830 3710 917 3768 parole
926 3712 969 3754 che
982 3709 1035 3755 vr'err
1048 3709 1110 3767 dopo
1124 3706 1223 3765 insigues
1236 3709 1249 3751 e
1263 3707 1404 3766 illeggrbile,

216 3791 302 3831 tram
315 3786 357 3831 cite
370 3787 432 3832 110110
440 3788 492 3844 fine
505 3799 548 3833 ove
558 3800 606 3844 par
619 3789 647 3833 di
658 3788 739 3834 tedere
752 3802 783 3834 un
797 3801 832 3844 or,
846 3790 922 3846 suppl.
935 3789 1030 3834 honor?
1094 3788 1162 3848 3286.
1176 3786 1245 3832 michi
1254 3786 1349 3843 credite]
1364 3787 1404 3842 103.

215 3863 307 3909 debila.
369 3865 719 3925 3030.0001111]103.1111110.
782 3880 852 3928 3²95·
867 3867 990 3925 Diquetto
1004 3879 1071 3914 uerso
1085 3871 1150 3912 retro
1163 3878 1256 3924 apperte
1271 3866 1290 3910 11
1302 3865 1405 3923 vestigio

215 3943 339 3990 dialem
354 3944 441 3991 terrere.

219 4161 295 4218 3277.
309 4146 354 4203 cf.
368 4147 457 4202 Vens.
472 4151 536 4203 Aen.
548 4149 597 4215 XI,
612 4150 651 4203 18.
859 4148 1404 4205 100011010000010110111110111111101.

219 4231 295 4302 3288.
323 4253 338 4283 0
353 4232 499 4287 ...Obertus
526 4233 745 4304 archiepiscopus
773 4246 800 4288 et
858 4244 881 4290 et
892 4235 940 4289 dol.
956 4235 1014 4306 369.
1052 4235 1120 4289 «Illi
1133 4237 1213 4306 igitur
1225 4246 1364 4306 tamquam
1378 4235 1405 4287 in

253 4316 345 4370 «Milo
369 4318 583 4390 archipresbyter
612 4329 639 4373 et
666 4318 799 4374 Galdinus
860 4319 1006 4390 «periculo
1016 4321 1209 4390 mortispositi,
1222 4321 1352 4373 viaticum
1365 4335 1406 4372 ac-

253 4401 408 4457 ediaconus
428 4415 455 4457 et
472 4402 613 4472 Alghisius
632 4403 799 4457 cimiliarcha
860 4415 1047 4474 «ceperunt».
1073 4404 1241 4458 Boucuatnr
1261 4416 1287 4457 et
1307 4403 1405 4458 011011-

253 4498 419 4540 «suaserunt
433 4486 546 4557 populo,
562 4497 588 4541 et
603 4505 636 4541 ex
651 4498 726 4558 parte
745 4487 799 4541 Dei
859 4504 925 4542 11101
940 4489 1081 4543 Unsreuo.
1098 4487 1192 4543 Chron.
1208 4503 1252 4554 41.

254 4573 472 4641 «omnipotentis
503 4582 530 4625 et
560 4572 631 4626 beati
661 4572 798 4625 Ambrosii
825 4585 899 4643 3292·
914 4569 957 4625 Cf.
971 4570 1060 4625 Vero.
1076 4572 1139 4625 Aen.
1155 4569 1189 4636 V,
1205 4585 1316 4641 139-40.

253 4666 472 4727 «praeceperunt
484 4658 532 4723 eis,
541 4666 570 4709 111
585 4655 752 4711 confidenter
765 4656 798 4709 ad
824 4671 900 4725 3293.
913 4653 957 4709 Cf.
972 4653 1061 4708 Vero.
1078 4656 1142 4710 Aen.
1156 4654 1204 4720 Xl,
1217 4669 1277 4723 447.

253 4757 269 4788 e
278 4737 380 4792 bellum
393 4740 578 4809 procederent,
589 4741 713 4806 scientes,
725 4739 798 4810 quod
824 4754 901 4810 3300.
917 4736 960 4794 Cf.
974 4737 1081 4794 Lucan.
1095 4738 1182 4793 Phari.
1196 4737 1245 4803 Ill,
1260 4737 1320 4803 482.
