<?xml version="1.0" encoding="UTF-8"?>
<!DOCTYPE html PUBLIC "-//W3C//DTD XHTML 1.0 Transitional//EN"
    "http://www.w3.org/TR/xhtml1/DTD/xhtml1-transitional.dtd">
<html xmlns="http://www.w3.org/1999/xhtml" xml:lang="en" lang="en">
 <head>
  <title>
</title>
<meta http-equiv="Content-Type" content="text/html;charset=utf-8" />
  <meta name='ocr-system' content='tesseract 3.04.00' />
  <meta name='ocr-capabilities' content='ocr_page ocr_carea ocr_par ocr_line ocrx_word'/>
</head>
<body>
  <div class='ocr_page' id='page_1' title='image "./gestadifederico00monagoog_0069.png"; bbox 0 0 3436 5754; ppageno 0'>
   <div class='ocr_carea' id='block_1_1' title="bbox 534 486 992 543">
    <p class='ocr_par' dir='ltr' id='par_1_1' title="bbox 534 486 992 543">
     <span class='ocr_line' id='line_1_1' title="bbox 534 486 992 543; baseline 0.002 -1"><span class='ocrx_word' id='word_1_1' title='bbox 534 486 658 542; x_wconf 88' lang='lat' dir='ltr'>GESTA</span> <span class='ocrx_word' id='word_1_2' title='bbox 686 486 726 540; x_wconf 92' lang='lat' dir='ltr'>DI</span> <span class='ocrx_word' id='word_1_3' title='bbox 753 486 941 543; x_wconf 89' lang='lat' dir='ltr'><strong>FEDERICO</strong></span> <span class='ocrx_word' id='word_1_4' title='bbox 971 488 992 543; x_wconf 86' lang='lat'>1.</span> 
     </span>
    </p>
   </div>
   <div class='ocr_carea' id='block_1_2' title="bbox 253 735 1204 3368">
    <p class='ocr_par' dir='ltr' id='par_1_2' title="bbox 295 735 1204 2789">
     <span class='ocr_line' id='line_1_2' title="bbox 298 735 1119 827; baseline 0.006 -27"><span class='ocrx_word' id='word_1_5' title='bbox 298 735 480 823; x_wconf 85' lang='lat' dir='ltr'>Magnaque</span> <span class='ocrx_word' id='word_1_6' title='bbox 499 758 569 823; x_wconf 86' lang='lat' dir='ltr'>pars</span> <span class='ocrx_word' id='word_1_7' title='bbox 588 737 697 825; x_wconf 89' lang='lat' dir='ltr'>populi</span> <span class='ocrx_word' id='word_1_8' title='bbox 716 761 825 825; x_wconf 89' lang='lat' dir='ltr'>regem</span> <span class='ocrx_word' id='word_1_9' title='bbox 846 739 947 806; x_wconf 90' lang='lat' dir='ltr'>iurare</span> <span class='ocrx_word' id='word_1_10' title='bbox 966 756 1119 827; x_wconf 88' lang='lat' dir='ltr'>petentes.</span> 
     </span>
     <span class='ocr_line' id='line_1_3' title="bbox 296 850 1122 940; baseline 0.004 -22"><span class='ocrx_word' id='word_1_11' title='bbox 296 850 447 940; x_wconf 86' lang='lat' dir='ltr'><strong>Namque</strong></span> <span class='ocrx_word' id='word_1_12' title='bbox 465 850 507 917; x_wconf 91' lang='lat' dir='ltr'>ibi</span> <span class='ocrx_word' id='word_1_13' title='bbox 526 850 673 920; x_wconf 91' lang='lat' dir='ltr'>dicebant</span> <span class='ocrx_word' id='word_1_14' title='bbox 691 852 805 921; x_wconf 91' lang='lat' dir='ltr'>debere</span> <span class='ocrx_word' id='word_1_15' title='bbox 826 877 864 920; x_wconf 85' lang='lat' dir='ltr'>ex</span> <span class='ocrx_word' id='word_1_16' title='bbox 884 876 975 921; x_wconf 89' lang='lat' dir='ltr'>more</span> <span class='ocrx_word' id='word_1_17' title='bbox 993 872 1122 938; x_wconf 83' lang='lat' dir='ltr'>uetusto</span> 
     </span>
     <span class='ocr_line' id='line_1_4' title="bbox 297 966 1109 1051; baseline 0.002 -16"><span class='ocrx_word' id='word_1_18' title='bbox 297 967 482 1035; x_wconf 91' lang='lat' dir='ltr'>Romanum</span> <span class='ocrx_word' id='word_1_19' title='bbox 501 968 602 1034; x_wconf 89' lang='lat' dir='ltr'>iurare</span> <span class='ocrx_word' id='word_1_20' title='bbox 621 966 749 1050; x_wconf 91' lang='lat' dir='ltr'>ducem,</span> <span class='ocrx_word' id='word_1_21' title='bbox 768 992 843 1036; x_wconf 89' lang='lat' dir='ltr'>cum</span> <span class='ocrx_word' id='word_1_22' title='bbox 861 969 967 1037; x_wconf 87' lang='lat' dir='ltr'>uisitat</span> <span class='ocrx_word' id='word_1_23' title='bbox 985 968 1109 1051; x_wconf 89' lang='lat' dir='ltr'>urbem,</span> 
     </span>
     <span class='ocr_line' id='line_1_5' title="bbox 296 1080 1204 1172; baseline 0.002 -23"><span class='ocrx_word' id='word_1_24' title='bbox 296 1083 340 1149; x_wconf 94' lang='lat' dir='ltr'>Vt</span> <span class='ocrx_word' id='word_1_25' title='bbox 358 1102 465 1149; x_wconf 90' lang='lat' dir='ltr'>sumar</span> <span class='ocrx_word' id='word_1_26' title='bbox 481 1080 629 1149; x_wconf 87' lang='lat' dir='ltr'>diadema</span> <span class='ocrx_word' id='word_1_27' title='bbox 646 1106 781 1151; x_wconf 88' lang='lat' dir='ltr'>sacrum.</span> <span class='ocrx_word' id='word_1_28' title='bbox 820 1084 907 1172; x_wconf 92' lang='lat' dir='ltr'>quod</span> <span class='ocrx_word' id='word_1_29' title='bbox 927 1108 1000 1153; x_wconf 92' lang='lat' dir='ltr'>cum</span> <span class='ocrx_word' id='word_1_30' title='bbox 1020 1085 1204 1153; x_wconf 88' lang='lat' dir='ltr'>Fredericus</span> 
     </span>
     <span class='ocr_line' id='line_1_6' title="bbox 297 1194 1040 1284; baseline 0.008 -22"><span class='ocrx_word' id='word_1_31' title='bbox 297 1194 418 1263; x_wconf 93' lang='lat' dir='ltr'>Abnuit</span> <span class='ocrx_word' id='word_1_32' title='bbox 437 1215 600 1284; x_wconf 87' lang='lat' dir='ltr'>augustus,</span> <span class='ocrx_word' id='word_1_33' title='bbox 620 1197 741 1266; x_wconf 86' lang='lat' dir='ltr'>turbata</span> <span class='ocrx_word' id='word_1_34' title='bbox 760 1218 869 1267; x_wconf 90' lang='lat' dir='ltr'>mente</span> <span class='ocrx_word' id='word_1_35' title='bbox 888 1199 1040 1268; x_wconf 90' lang='lat' dir='ltr'>recedunt</span> 
     </span>
     <span class='ocr_line' id='line_1_7' title="bbox 296 1312 1158 1402; baseline 0.007 -25"><span class='ocrx_word' id='word_1_36' title='bbox 296 1313 401 1401; x_wconf 87' lang='lat' dir='ltr'>Atque</span> <span class='ocrx_word' id='word_1_37' title='bbox 420 1312 582 1380; x_wconf 88' lang='lat' dir='ltr'>minantur</span> <span class='ocrx_word' id='word_1_38' title='bbox 602 1313 631 1379; x_wconf 92' lang='lat' dir='ltr'>ei</span> <span class='ocrx_word' id='word_1_39' title='bbox 649 1313 736 1402; x_wconf 94' lang='lat' dir='ltr'>quod</span> <span class='ocrx_word' id='word_1_40' title='bbox 756 1315 888 1383; x_wconf 91' lang='lat' dir='ltr'>eosdem</span> <span class='ocrx_word' id='word_1_41' title='bbox 907 1316 1022 1383; x_wconf 84' lang='lat' dir='ltr'>sentiet</span> <span class='ocrx_word' id='word_1_42' title='bbox 1041 1317 1158 1384; x_wconf 89' lang='lat' dir='ltr'>hostes.</span> 
     </span>
     <span class='ocr_line' id='line_1_8' title="bbox 296 1428 1109 1522; baseline 0.007 -28"><span class='ocrx_word' id='word_1_43' title='bbox 296 1428 348 1494; x_wconf 86' lang='lat' dir='ltr'>Sic</span> <span class='ocrx_word' id='word_1_44' title='bbox 367 1429 515 1511; x_wconf 83' lang='lat' dir='ltr'><strong>humiles,</strong></span> <span class='ocrx_word' id='word_1_45' title='bbox 533 1431 560 1498; x_wconf 93' lang='lat' dir='ltr'>si</span> <span class='ocrx_word' id='word_1_46' title='bbox 578 1429 659 1498; x_wconf 82' lang='lat' dir='ltr'>sorte</span> <span class='ocrx_word' id='word_1_47' title='bbox 678 1450 798 1519; x_wconf 87' lang='lat' dir='ltr'>negant</span> <span class='ocrx_word' id='word_1_48' title='bbox 816 1434 949 1521; x_wconf 87' lang='lat' dir='ltr'><strong>quesita,</strong></span> <span class='ocrx_word' id='word_1_49' title='bbox 968 1431 1109 1522; x_wconf 88' lang='lat' dir='ltr'>superbis</span> 
     </span>
     <span class='ocr_line' id='line_1_9' title="bbox 296 1543 1123 1636; baseline 0.006 -27"><span class='ocrx_word' id='word_1_50' title='bbox 296 1543 465 1627; x_wconf 91' lang='lat' dir='ltr'>Diuitibus‚</span> <span class='ocrx_word' id='word_1_51' title='bbox 486 1545 618 1614; x_wconf 87' lang='lat' dir='ltr'>tolerare</span> <span class='ocrx_word' id='word_1_52' title='bbox 638 1546 742 1615; x_wconf 92' lang='lat' dir='ltr'>solent</span> <span class='ocrx_word' id='word_1_53' title='bbox 761 1545 927 1616; x_wconf 86' lang='lat' dir='ltr'>maledicta</span> <span class='ocrx_word' id='word_1_54' title='bbox 947 1548 1123 1636; x_wconf 89' lang='lat' dir='ltr'>minasque.</span> 
     </span>
     <span class='ocr_line' id='line_1_10' title="bbox 296 1657 1077 1744; baseline 0.006 -21"><span class='ocrx_word' id='word_1_55' title='bbox 296 1657 360 1724; x_wconf 88' lang='lat' dir='ltr'>Sed</span> <span class='ocrx_word' id='word_1_56' title='bbox 379 1682 446 1727; x_wconf 92' lang='lat' dir='ltr'>non</span> <span class='ocrx_word' id='word_1_57' title='bbox 466 1662 618 1729; x_wconf 89' lang='lat' dir='ltr'>attonitus</span> <span class='ocrx_word' id='word_1_58' title='bbox 638 1659 727 1729; x_wconf 92' lang='lat' dir='ltr'>dictis</span> <span class='ocrx_word' id='word_1_59' title='bbox 749 1661 932 1729; x_wconf 85' lang='lat' dir='ltr'>Fredericus</span> <span class='ocrx_word' id='word_1_60' title='bbox 952 1664 1077 1744; x_wconf 86' lang='lat' dir='ltr'>amaris,</span> 
     </span>
     <span class='ocr_line' id='line_1_11' title="bbox 297 1775 1062 1866; baseline 0.007 -26"><span class='ocrx_word' id='word_1_61' title='bbox 297 1775 396 1842; x_wconf 86' lang='lat' dir='ltr'>Intrat</span> <span class='ocrx_word' id='word_1_62' title='bbox 415 1794 447 1843; x_wconf 93' lang='lat' dir='ltr'>et</span> <span class='ocrx_word' id='word_1_63' title='bbox 465 1776 612 1845; x_wconf 82' lang='lat' dir='ltr'>audacter</span> <span class='ocrx_word' id='word_1_64' title='bbox 630 1779 708 1864; x_wconf 90' lang='lat' dir='ltr'>petit</span> <span class='ocrx_word' id='word_1_65' title='bbox 727 1776 823 1845; x_wconf 89' lang='lat' dir='ltr'>ardua</span> <span class='ocrx_word' id='word_1_66' title='bbox 841 1776 961 1866; x_wconf 88' lang='lat' dir='ltr'>templa</span> <span class='ocrx_word' id='word_1_67' title='bbox 980 1777 1062 1845; x_wconf 91' lang='lat' dir='ltr'>beati</span> 
     </span>
     <span class='ocr_line' id='line_1_12' title="bbox 296 1890 1170 1980; baseline 0.001 -23"><span class='ocrx_word' id='word_1_68' title='bbox 296 1891 380 1957; x_wconf 84' lang='lat' dir='ltr'>Petri</span> <span class='ocrx_word' id='word_1_69' title='bbox 399 1890 549 1959; x_wconf 88' lang='lat' dir='ltr'>militibus</span> <span class='ocrx_word' id='word_1_70' title='bbox 568 1893 689 1960; x_wconf 89' lang='lat' dir='ltr'>cunctis</span> <span class='ocrx_word' id='word_1_71' title='bbox 708 1892 933 1961; x_wconf 85' lang='lat' dir='ltr'>comitantibus</span> <span class='ocrx_word' id='word_1_72' title='bbox 952 1893 1067 1980; x_wconf 92' lang='lat' dir='ltr'>ipsum.</span> <span class='ocrx_word' id='word_1_73' title='bbox 1167 1938 1170 1946; x_wconf 83' lang='lat'><em>-</em></span> 
     </span>
     <span class='ocr_line' id='line_1_13' title="bbox 296 2006 1154 2095; baseline 0.001 -22"><span class='ocrx_word' id='word_1_74' title='bbox 296 2007 450 2074; x_wconf 83' lang='lat' dir='ltr'>Summus</span> <span class='ocrx_word' id='word_1_75' title='bbox 469 2007 573 2095; x_wconf 83' lang='lat' dir='ltr'>presul</span> <span class='ocrx_word' id='word_1_76' title='bbox 592 2026 658 2075; x_wconf 91' lang='lat' dir='ltr'>erat</span> <span class='ocrx_word' id='word_1_77' title='bbox 676 2006 870 2075; x_wconf 90' lang='lat' dir='ltr'>reuerendus</span> <span class='ocrx_word' id='word_1_78' title='bbox 888 2026 965 2075; x_wconf 92' lang='lat' dir='ltr'>tunc</span> <span class='ocrx_word' id='word_1_79' title='bbox 983 2007 1154 2089; x_wconf 85' lang='lat' dir='ltr'>Adrianus,</span> 
     </span>
     <span class='ocr_line' id='line_1_14' title="bbox 295 2121 1121 2212; baseline 0.004 -25"><span class='ocrx_word' id='word_1_80' title='bbox 295 2122 353 2188; x_wconf 88' lang='lat' dir='ltr'>Vir</span> <span class='ocrx_word' id='word_1_81' title='bbox 371 2121 483 2190; x_wconf 90' lang='lat' dir='ltr'>doctus</span> <span class='ocrx_word' id='word_1_82' title='bbox 503 2122 643 2191; x_wconf 91' lang='lat' dir='ltr'>clemens</span> <span class='ocrx_word' id='word_1_83' title='bbox 662 2121 816 2191; x_wconf 86' lang='lat' dir='ltr'>facundus</span> <span class='ocrx_word' id='word_1_84' title='bbox 835 2124 978 2190; x_wconf 91' lang='lat' dir='ltr'>moribus</span> <span class='ocrx_word' id='word_1_85' title='bbox 997 2124 1121 2212; x_wconf 88' lang='lat' dir='ltr'>ingens.</span> 
     </span>
     <span class='ocr_line' id='line_1_15' title="bbox 297 2237 1005 2328; baseline 0.003 -24"><span class='ocrx_word' id='word_1_86' title='bbox 297 2237 358 2304; x_wconf 93' lang='lat' dir='ltr'>Hic</span> <span class='ocrx_word' id='word_1_87' title='bbox 377 2239 473 2326; x_wconf 86' lang='lat' dir='ltr'>igitur</span> <span class='ocrx_word' id='word_1_88' title='bbox 491 2262 601 2328; x_wconf 85' lang='lat' dir='ltr'>regem</span> <span class='ocrx_word' id='word_1_89' title='bbox 621 2238 749 2307; x_wconf 86' lang='lat' dir='ltr'>felicitat</span> <span class='ocrx_word' id='word_1_90' title='bbox 767 2238 1005 2320; x_wconf 90' lang='lat' dir='ltr'>aduenientem,</span> 
     </span>
     <span class='ocr_line' id='line_1_16' title="bbox 298 2353 1076 2442; baseline 0.001 -21"><span class='ocrx_word' id='word_1_91' title='bbox 298 2353 443 2442; x_wconf 88' lang='lat' dir='ltr'>Suscipit,</span> <span class='ocrx_word' id='word_1_92' title='bbox 464 2372 499 2422; x_wconf 93' lang='lat' dir='ltr'>ut</span> <span class='ocrx_word' id='word_1_93' title='bbox 517 2378 589 2421; x_wconf 89' lang='lat' dir='ltr'>mos</span> <span class='ocrx_word' id='word_1_94' title='bbox 609 2374 667 2437; x_wconf 89' lang='lat' dir='ltr'>est,</span> <span class='ocrx_word' id='word_1_95' title='bbox 686 2354 725 2423; x_wconf 89' lang='lat' dir='ltr'>ad</span> <span class='ocrx_word' id='word_1_96' title='bbox 744 2355 844 2422; x_wconf 88' lang='lat' dir='ltr'>sancti</span> <span class='ocrx_word' id='word_1_97' title='bbox 863 2354 972 2421; x_wconf 89' lang='lat' dir='ltr'>limina</span> <span class='ocrx_word' id='word_1_98' title='bbox 991 2354 1076 2422; x_wconf 88' lang='lat' dir='ltr'>Petri</span> 
     </span>
     <span class='ocr_line' id='line_1_17' title="bbox 297 2469 1174 2559; baseline 0 -24"><span class='ocrx_word' id='word_1_99' title='bbox 297 2470 336 2535; x_wconf 90' lang='lat' dir='ltr'>Et</span> <span class='ocrx_word' id='word_1_100' title='bbox 355 2469 449 2536; x_wconf 92' lang='lat' dir='ltr'>simul</span> <span class='ocrx_word' id='word_1_101' title='bbox 469 2470 501 2536; x_wconf 91' lang='lat' dir='ltr'>in</span> <span class='ocrx_word' id='word_1_102' title='bbox 520 2470 677 2559; x_wconf 91' lang='lat' dir='ltr'>templum</span> <span class='ocrx_word' id='word_1_103' title='bbox 696 2470 782 2538; x_wconf 92' lang='lat' dir='ltr'>ducit</span> <span class='ocrx_word' id='word_1_104' title='bbox 802 2493 875 2538; x_wconf 92' lang='lat' dir='ltr'>cum</span> <span class='ocrx_word' id='word_1_105' title='bbox 895 2469 1039 2537; x_wconf 89' lang='lat' dir='ltr'>laudibus</span> <span class='ocrx_word' id='word_1_106' title='bbox 1058 2471 1174 2559; x_wconf 89' lang='lat' dir='ltr'>ipsum,</span> 
     </span>
     <span class='ocr_line' id='line_1_18' title="bbox 295 2584 1131 2671; baseline 0.004 -23"><span class='ocrx_word' id='word_1_107' title='bbox 295 2584 400 2671; x_wconf 91' lang='lat' dir='ltr'>Atque</span> <span class='ocrx_word' id='word_1_108' title='bbox 420 2585 461 2650; x_wconf 91' lang='lat' dir='ltr'>ibi</span> <span class='ocrx_word' id='word_1_109' title='bbox 480 2608 554 2651; x_wconf 95' lang='lat' dir='ltr'>cum</span> <span class='ocrx_word' id='word_1_110' title='bbox 575 2585 659 2652; x_wconf 90' lang='lat' dir='ltr'>clero</span> <span class='ocrx_word' id='word_1_111' title='bbox 678 2585 839 2653; x_wconf 90' lang='lat' dir='ltr'>celebrans</span> <span class='ocrx_word' id='word_1_112' title='bbox 858 2585 1015 2653; x_wconf 87' lang='lat' dir='ltr'>solemnia</span> <span class='ocrx_word' id='word_1_113' title='bbox 1033 2608 1131 2666; x_wconf 90' lang='lat' dir='ltr'>sacra,</span> 
     </span>
     <span class='ocr_line' id='line_1_19' title="bbox 296 2700 957 2789; baseline 0.002 -24"><span class='ocrx_word' id='word_1_114' title='bbox 296 2701 432 2786; x_wconf 86' lang='lat' dir='ltr'>Augusti</span> <span class='ocrx_word' id='word_1_115' title='bbox 452 2701 535 2788; x_wconf 87' lang='lat' dir='ltr'>regis</span> <span class='ocrx_word' id='word_1_116' title='bbox 555 2701 647 2789; x_wconf 89' lang='lat' dir='ltr'>capiti</span> <span class='ocrx_word' id='word_1_117' title='bbox 667 2700 811 2768; x_wconf 86' lang='lat' dir='ltr'>diadema</span> <span class='ocrx_word' id='word_1_118' title='bbox 830 2703 957 2768; x_wconf 90' lang='lat' dir='ltr'>sacratis</span> 
     </span>
    </p>

    <p class='ocr_par' dir='ltr' id='par_1_3' title="bbox 253 2815 1100 3368">
     <span class='ocr_line' id='line_1_20' title="bbox 253 2815 1098 2905; baseline 0.002 -25"><span class='ocrx_word' id='word_1_119' title='bbox 253 2847 257 2857; x_wconf 93' lang='lat'><strong>·</strong></span> <span class='ocrx_word' id='word_1_120' title='bbox 296 2815 438 2903; x_wconf 92' lang='lat' dir='ltr'>Imponit</span> <span class='ocrx_word' id='word_1_121' title='bbox 457 2815 615 2898; x_wconf 90' lang='lat' dir='ltr'>manibus,</span> <span class='ocrx_word' id='word_1_122' title='bbox 635 2816 826 2884; x_wconf 90' lang='lat' dir='ltr'>benedicens</span> <span class='ocrx_word' id='word_1_123' title='bbox 845 2839 936 2883; x_wconf 89' lang='lat' dir='ltr'>more</span> <span class='ocrx_word' id='word_1_124' title='bbox 954 2833 1098 2905; x_wconf 91' lang='lat' dir='ltr'>patemo.</span> 
     </span>
     <span class='ocr_line' id='line_1_21' title="bbox 296 2930 1009 3014; baseline 0 -16"><span class='ocrx_word' id='word_1_125' title='bbox 296 2930 364 2998; x_wconf 88' lang='lat' dir='ltr'>Rex</span> <span class='ocrx_word' id='word_1_126' title='bbox 383 2931 484 2997; x_wconf 88' lang='lat' dir='ltr'>eciam</span> <span class='ocrx_word' id='word_1_127' title='bbox 504 2933 633 2998; x_wconf 90' lang='lat' dir='ltr'>meritos</span> <span class='ocrx_word' id='word_1_128' title='bbox 653 2933 713 2999; x_wconf 90' lang='lat' dir='ltr'>aris</span> <span class='ocrx_word' id='word_1_129' title='bbox 732 2931 841 3011; x_wconf 86' lang='lat' dir='ltr'>indicit</span> <span class='ocrx_word' id='word_1_130' title='bbox 860 2930 1009 3014; x_wconf 89' lang='lat' dir='ltr'>honores,</span> 
     </span>
     <span class='ocr_line' id='line_1_22' title="bbox 295 3045 1100 3129; baseline 0.001 -17"><span class='ocrx_word' id='word_1_131' title='bbox 295 3046 380 3112; x_wconf 85' lang='lat' dir='ltr'>Diria</span> <span class='ocrx_word' id='word_1_132' title='bbox 399 3045 484 3113; x_wconf 89' lang='lat' dir='ltr'>dona</span> <span class='ocrx_word' id='word_1_133' title='bbox 503 3046 607 3114; x_wconf 83' lang='lat' dir='ltr'>ferens</span> <span class='ocrx_word' id='word_1_134' title='bbox 626 3047 722 3115; x_wconf 89' lang='lat' dir='ltr'>simul</span> <span class='ocrx_word' id='word_1_135' title='bbox 741 3066 772 3115; x_wconf 91' lang='lat' dir='ltr'>et</span> <span class='ocrx_word' id='word_1_136' title='bbox 790 3047 950 3129; x_wconf 87' lang='lat' dir='ltr'>libamina,</span> <span class='ocrx_word' id='word_1_137' title='bbox 971 3069 1100 3114; x_wconf 90' lang='lat' dir='ltr'>summo</span> 
     </span>
     <span class='ocr_line' id='line_1_23' title="bbox 296 3160 985 3253; baseline 0.003 -25"><span class='ocrx_word' id='word_1_138' title='bbox 296 3160 402 3229; x_wconf 90' lang='lat' dir='ltr'>Offert</span> <span class='ocrx_word' id='word_1_139' title='bbox 420 3162 563 3250; x_wconf 86' lang='lat' dir='ltr'>pontifici</span> <span class='ocrx_word' id='word_1_140' title='bbox 583 3187 640 3253; x_wconf 93' lang='lat' dir='ltr'>pro</span> <span class='ocrx_word' id='word_1_141' title='bbox 660 3165 779 3231; x_wconf 89' lang='lat' dir='ltr'>cunctis</span> <span class='ocrx_word' id='word_1_142' title='bbox 799 3164 856 3231; x_wconf 93' lang='lat' dir='ltr'>rite</span> <span class='ocrx_word' id='word_1_143' title='bbox 874 3162 985 3230; x_wconf 91' lang='lat' dir='ltr'>litanti.</span> 
     </span>
     <span class='ocr_line' id='line_1_24' title="bbox 295 3276 1084 3368; baseline 0 -26"><span class='ocrx_word' id='word_1_144' title='bbox 295 3276 455 3360; x_wconf 88' lang='lat' dir='ltr'>Tandem,</span> <span class='ocrx_word' id='word_1_145' title='bbox 475 3279 643 3368; x_wconf 92' lang='lat' dir='ltr'>propositis</span> <span class='ocrx_word' id='word_1_146' title='bbox 663 3277 827 3367; x_wconf 90' lang='lat' dir='ltr'>completis</span> <span class='ocrx_word' id='word_1_147' title='bbox 846 3277 957 3346; x_wconf 91' lang='lat' dir='ltr'>ordine</span> <span class='ocrx_word' id='word_1_148' title='bbox 976 3278 1084 3358; x_wconf 90' lang='lat' dir='ltr'>sacris,</span> 
     </span>
    </p>
   </div>
   <div class='ocr_carea' id='block_1_3' title="bbox 161 3496 1357 3714">
    <p class='ocr_par' dir='ltr' id='par_1_4' title="bbox 161 3496 1357 3714">
     <span class='ocr_line' id='line_1_25' title="bbox 214 3496 1356 3556; baseline 0 -14"><span class='ocrx_word' id='word_1_149' title='bbox 214 3496 273 3554; x_wconf 79' lang='lat'><strong>646.</strong></span> <span class='ocrx_word' id='word_1_150' title='bbox 287 3497 370 3541; x_wconf 80' lang='lat' dir='ltr'>Prima</span> <span class='ocrx_word' id='word_1_151' title='bbox 383 3497 411 3541; x_wconf 80' lang='lat' dir='ltr'>dr·</span> <span class='ocrx_word' id='word_1_152' title='bbox 423 3505 523 3554; x_wconf 79' lang='lat' dir='ltr'>petentes</span> <span class='ocrx_word' id='word_1_153' title='bbox 536 3498 576 3542; x_wconf 84' lang='lat' dir='ltr'>nel</span> <span class='ocrx_word' id='word_1_154' title='bbox 589 3498 645 3544; x_wconf 79' lang='lat' dir='ltr'>Cod.</span> <span class='ocrx_word' id='word_1_155' title='bbox 659 3511 702 3543; x_wconf 87' lang='lat' dir='ltr'>era</span> <span class='ocrx_word' id='word_1_156' title='bbox 716 3503 778 3542; x_wconf 79' lang='lat' dir='ltr'>stato</span> <span class='ocrx_word' id='word_1_157' title='bbox 792 3499 875 3542; x_wconf 77' lang='lat' dir='ltr'>scritto</span> <span class='ocrx_word' id='word_1_158' title='bbox 889 3505 988 3556; x_wconf 83' lang='lat' dir='ltr'>paratus,</span> <span class='ocrx_word' id='word_1_159' title='bbox 1002 3497 1054 3541; x_wconf 76' lang='lat' dir='ltr'>indi</span> <span class='ocrx_word' id='word_1_160' title='bbox 1065 3498 1193 3542; x_wconf 82' lang='lat' dir='ltr'>cancellato</span> <span class='ocrx_word' id='word_1_161' title='bbox 1206 3496 1272 3541; x_wconf 76' lang='lat' dir='ltr'>dalla</span> <span class='ocrx_word' id='word_1_162' title='bbox 1285 3509 1356 3542; x_wconf 78' lang='lat' dir='ltr'>mano</span> 
     </span>
     <span class='ocr_line' id='line_1_26' title="bbox 161 3574 1357 3634; baseline 0.002 -14"><span class='ocrx_word' id='word_1_163' title='bbox 161 3579 242 3620; x_wconf 71' lang='lat' dir='ltr'>masa.</span> <span class='ocrx_word' id='word_1_164' title='bbox 298 3576 354 3633; x_wconf 86' lang='lat'><strong>650.</strong></span> <span class='ocrx_word' id='word_1_165' title='bbox 365 3575 421 3621; x_wconf 84' lang='lat' dir='ltr'>Cod.</span> <span class='ocrx_word' id='word_1_166' title='bbox 432 3584 526 3634; x_wconf 79' lang='lat' dir='ltr'>agustus</span> <span class='ocrx_word' id='word_1_167' title='bbox 581 3577 629 3622; x_wconf 83' lang='grc'>656.</span> <span class='ocrx_word' id='word_1_168' title='bbox 642 3576 696 3622; x_wconf 86' lang='lat' dir='ltr'>Cod.</span> <span class='ocrx_word' id='word_1_169' title='bbox 709 3577 796 3621; x_wconf 83' lang='lat' dir='ltr'>conctis</span> <span class='ocrx_word' id='word_1_170' title='bbox 850 3577 905 3634; x_wconf 86' lang='lat'>657.</span> <span class='ocrx_word' id='word_1_171' title='bbox 919 3576 974 3622; x_wconf 80' lang='lat' dir='ltr'>Cod.</span> <span class='ocrx_word' id='word_1_172' title='bbox 985 3576 1070 3622; x_wconf 84' lang='lat' dir='ltr'>Sumus</span> <span class='ocrx_word' id='word_1_173' title='bbox 1111 3576 1167 3634; x_wconf 79' lang='lat'>658.</span> <span class='ocrx_word' id='word_1_174' title='bbox 1178 3574 1235 3621; x_wconf 81' lang='lat' dir='ltr'>Cod.</span> <span class='ocrx_word' id='word_1_175' title='bbox 1247 3574 1357 3622; x_wconf 80' lang='lat' dir='ltr'>fatendus</span> 
     </span>
     <span class='ocr_line' id='line_1_27' title="bbox 161 3653 1357 3714; baseline 0 -17"><span class='ocrx_word' id='word_1_176' title='bbox 161 3654 253 3714; x_wconf 77' lang='lat' dir='ltr'>ingens]</span> <span class='ocrx_word' id='word_1_177' title='bbox 268 3668 331 3701; x_wconf 86' lang='lat' dir='ltr'>corr.</span> <span class='ocrx_word' id='word_1_178' title='bbox 346 3656 445 3701; x_wconf 79' lang='lat' dir='ltr'>insons?</span> <span class='ocrx_word' id='word_1_179' title='bbox 514 3656 570 3702; x_wconf 87' lang='lat'><strong>660.</strong></span> <span class='ocrx_word' id='word_1_180' title='bbox 585 3656 640 3702; x_wconf 87' lang='lat' dir='ltr'>Cod.</span> <span class='ocrx_word' id='word_1_181' title='bbox 660 3657 745 3702; x_wconf 84' lang='lat' dir='ltr'>lumina</span> <span class='ocrx_word' id='word_1_182' title='bbox 813 3656 867 3701; x_wconf 81' lang='lat'><strong>662.</strong></span> <span class='ocrx_word' id='word_1_183' title='bbox 882 3667 935 3701; x_wconf 91' lang='lat' dir='ltr'>cum</span> <span class='ocrx_word' id='word_1_184' title='bbox 949 3655 1020 3714; x_wconf 65' lang='lat' dir='ltr'>cluo]</span> <span class='ocrx_word' id='word_1_185' title='bbox 1037 3655 1093 3701; x_wconf 81' lang='lat' dir='ltr'>Cod.</span> <span class='ocrx_word' id='word_1_186' title='bbox 1114 3655 1194 3699; x_wconf 83' lang='lat' dir='ltr'>ciidere</span> <span class='ocrx_word' id='word_1_187' title='bbox 1208 3666 1222 3699; x_wconf 87' lang='lat' dir='ltr'>e</span> <span class='ocrx_word' id='word_1_188' title='bbox 1234 3653 1357 3699; x_wconf 81' lang='lat' dir='ltr'>cellebrans</span> 
     </span>
    </p>
   </div>
   <div class='ocr_carea' id='block_1_4' title="bbox 162 3828 1355 3916">
    <p class='ocr_par' dir='ltr' id='par_1_5' title="bbox 162 3828 1355 3916">
     <span class='ocr_line' id='line_1_28' title="bbox 162 3828 1355 3916; baseline 0.002 -21"><span class='ocrx_word' id='word_1_189' title='bbox 162 3840 222 3908; x_wconf 87' lang='lat'>656.</span> <span class='ocrx_word' id='word_1_190' title='bbox 236 3862 251 3893; x_wconf 80' lang='lat' dir='ltr'>c</span> <span class='ocrx_word' id='word_1_191' title='bbox 260 3828 334 3908; x_wconf 87' lang='lat' dir='ltr'>Inde,</span> <span class='ocrx_word' id='word_1_192' title='bbox 348 3861 411 3898; x_wconf 90' lang='lat' dir='ltr'>cum</span> <span class='ocrx_word' id='word_1_193' title='bbox 424 3844 527 3900; x_wconf 91' lang='lat' dir='ltr'>domno</span> <span class='ocrx_word' id='word_1_194' title='bbox 540 3862 609 3916; x_wconf 90' lang='lat' dir='ltr'>papa</span> <span class='ocrx_word' id='word_1_195' title='bbox 622 3857 648 3900; x_wconf 89' lang='lat' dir='ltr'>et</span> <span class='ocrx_word' id='word_1_196' title='bbox 661 3846 745 3899; x_wconf 89' lang='lat' dir='ltr'>cardi·</span> <span class='ocrx_word' id='word_1_197' title='bbox 772 3842 861 3911; x_wconf 73' lang='lat' dir='ltr'>66o4.</span> <span class='ocrx_word' id='word_1_198' title='bbox 876 3845 983 3899; x_wconf 79' lang='lat' dir='ltr'>«Mane</span> <span class='ocrx_word' id='word_1_199' title='bbox 993 3843 1074 3910; x_wconf 84' lang='lat' dir='ltr'>sacto,</span> <span class='ocrx_word' id='word_1_200' title='bbox 1086 3844 1203 3898; x_wconf 91' lang='lat' dir='ltr'>domnus</span> <span class='ocrx_word' id='word_1_201' title='bbox 1214 3860 1281 3915; x_wconf 91' lang='lat' dir='ltr'>papa</span> <span class='ocrx_word' id='word_1_202' title='bbox 1293 3861 1355 3898; x_wconf 94' lang='lat' dir='ltr'>cum</span> 
     </span>
    </p>
   </div>
   <div class='ocr_carea' id='block_1_5' title="bbox 194 3927 746 4845">
    <p class='ocr_par' dir='ltr' id='par_1_6' title="bbox 194 3927 746 4845">
     <span class='ocr_line' id='line_1_29' title="bbox 198 3927 746 4004; baseline 0.013 -26"><span class='ocrx_word' id='word_1_203' title='bbox 198 3927 326 3982; x_wconf 81' lang='lat' dir='ltr'>«nalibus</span> <span class='ocrx_word' id='word_1_204' title='bbox 346 3930 461 3985; x_wconf 90' lang='lat' dir='ltr'>consilio</span> <span class='ocrx_word' id='word_1_205' title='bbox 487 3932 561 3999; x_wconf 90' lang='lat' dir='ltr'>inito,</span> <span class='ocrx_word' id='word_1_206' title='bbox 580 3934 643 4004; x_wconf 94' lang='lat' dir='ltr'>quia</span> <span class='ocrx_word' id='word_1_207' title='bbox 661 3933 746 4002; x_wconf 90' lang='lat' dir='ltr'>impe-</span> 
     </span>
     <span class='ocr_line' id='line_1_30' title="bbox 198 4011 744 4070; baseline 0.013 -9"><span class='ocrx_word' id='word_1_208' title='bbox 198 4030 212 4060; x_wconf 83' lang='lat'><strong><em>«</em></strong></span> <span class='ocrx_word' id='word_1_209' title='bbox 223 4011 293 4065; x_wconf 88' lang='lat' dir='ltr'>rium</span> <span class='ocrx_word' id='word_1_210' title='bbox 301 4013 536 4069; x_wconf 89' lang='lat' dir='ltr'>emerenoluimus</span> <span class='ocrx_word' id='word_1_211' title='bbox 544 4028 570 4070; x_wconf 90' lang='lat' dir='ltr'>et</span> <span class='ocrx_word' id='word_1_212' title='bbox 576 4027 744 4070; x_wconf 89' lang='lat' dir='ltr'>sacramenta</span> 
     </span>
     <span class='ocr_line' id='line_1_31' title="bbox 198 4095 745 4168; baseline 0.016 -22"><span class='ocrx_word' id='word_1_213' title='bbox 198 4095 306 4167; x_wconf 79' lang='lat' dir='ltr'>evulgo</span> <span class='ocrx_word' id='word_1_214' title='bbox 331 4111 450 4168; x_wconf 84' lang='lat' dir='ltr'>prestare</span> <span class='ocrx_word' id='word_1_215' title='bbox 468 4116 524 4153; x_wconf 92' lang='lat' dir='ltr'>non</span> <span class='ocrx_word' id='word_1_216' title='bbox 543 4101 694 4166; x_wconf 89' lang='lat' dir='ltr'>debuimus,</span> <span class='ocrx_word' id='word_1_217' title='bbox 717 4115 745 4155; x_wconf 90' lang='lat' dir='ltr'>ut</span> 
     </span>
     <span class='ocr_line' id='line_1_32' title="bbox 198 4180 746 4240; baseline 0.02 -11"><span class='ocrx_word' id='word_1_218' title='bbox 198 4198 212 4227; x_wconf 77' lang='lat' dir='ltr'>e</span> <span class='ocrx_word' id='word_1_219' title='bbox 222 4194 318 4233; x_wconf 91' lang='lat' dir='ltr'>omnes</span> <span class='ocrx_word' id='word_1_220' title='bbox 333 4180 413 4235; x_wconf 92' lang='lat' dir='ltr'>dolos</span> <span class='ocrx_word' id='word_1_221' title='bbox 429 4195 455 4236; x_wconf 88' lang='lat' dir='ltr'>et</span> <span class='ocrx_word' id='word_1_222' title='bbox 468 4184 686 4239; x_wconf 88' lang='lat' dir='ltr'>machinamenta</span> <span class='ocrx_word' id='word_1_223' title='bbox 699 4203 746 4240; x_wconf 91' lang='lat' dir='ltr'>eo·</span> 
     </span>
     <span class='ocr_line' id='line_1_33' title="bbox 198 4265 746 4334; baseline 0.016 -21"><span class='ocrx_word' id='word_1_224' title='bbox 198 4284 212 4314; x_wconf 78' lang='lat' dir='ltr'>e</span> <span class='ocrx_word' id='word_1_225' title='bbox 223 4281 281 4318; x_wconf 90' lang='lat' dir='ltr'>rum</span> <span class='ocrx_word' id='word_1_226' title='bbox 298 4265 504 4334; x_wconf 89' lang='lat' dir='ltr'>declinaremus,</span> <span class='ocrx_word' id='word_1_227' title='bbox 520 4269 674 4324; x_wconf 85' lang='lat' dir='ltr'>Octaviano</span> <span class='ocrx_word' id='word_1_228' title='bbox 688 4287 746 4324; x_wconf 92' lang='lat' dir='ltr'>car·</span> 
     </span>
     <span class='ocr_line' id='line_1_34' title="bbox 198 4349 744 4426; baseline 0.02 -28"><span class='ocrx_word' id='word_1_229' title='bbox 198 4349 311 4404; x_wconf 78' lang='lat' dir='ltr'>‹cdinale</span> <span class='ocrx_word' id='word_1_230' title='bbox 337 4353 517 4419; x_wconf 82' lang='lat' dir='ltr'>conducente,</span> <span class='ocrx_word' id='word_1_231' title='bbox 540 4356 658 4408; x_wconf 85' lang='lat' dir='ltr'>maxima</span> <span class='ocrx_word' id='word_1_232' title='bbox 682 4371 744 4426; x_wconf 90' lang='lat' dir='ltr'>pars</span> 
     </span>
     <span class='ocr_line' id='line_1_35' title="bbox 198 4435 744 4514; baseline 0.016 -28"><span class='ocrx_word' id='word_1_233' title='bbox 198 4435 338 4514; x_wconf 74' lang='lat' dir='ltr'>«miliciae</span> <span class='ocrx_word' id='word_1_234' title='bbox 352 4450 462 4492; x_wconf 87' lang='lat' dir='ltr'>nostrae</span> <span class='ocrx_word' id='word_1_235' title='bbox 476 4452 557 4493; x_wconf 89' lang='lat' dir='ltr'>nocte</span> <span class='ocrx_word' id='word_1_236' title='bbox 575 4456 623 4510; x_wconf 92' lang='lat' dir='ltr'>per</span> <span class='ocrx_word' id='word_1_237' title='bbox 637 4452 744 4511; x_wconf 91' lang='lat' dir='ltr'>portam</span> 
     </span>
     <span class='ocr_line' id='line_1_36' title="bbox 197 4519 744 4589; baseline 0.015 -18"><span class='ocrx_word' id='word_1_238' title='bbox 197 4519 363 4589; x_wconf 86' lang='lat' dir='ltr'>«parvulam</span> <span class='ocrx_word' id='word_1_239' title='bbox 385 4522 458 4577; x_wconf 80' lang='lat' dir='ltr'>iuxta</span> <span class='ocrx_word' id='word_1_240' title='bbox 478 4523 608 4578; x_wconf 91' lang='lat' dir='ltr'>Sanctum</span> <span class='ocrx_word' id='word_1_241' title='bbox 633 4525 744 4578; x_wconf 88' lang='lat' dir='ltr'>Petrum</span> 
     </span>
     <span class='ocr_line' id='line_1_37' title="bbox 196 4605 743 4670; baseline 0.011 -16"><span class='ocrx_word' id='word_1_242' title='bbox 196 4605 338 4670; x_wconf 77' lang='lat' dir='ltr'>«intravit,</span> <span class='ocrx_word' id='word_1_243' title='bbox 350 4619 376 4659; x_wconf 88' lang='lat' dir='ltr'>et</span> <span class='ocrx_word' id='word_1_244' title='bbox 388 4607 427 4660; x_wconf 91' lang='lat' dir='ltr'>sic</span> <span class='ocrx_word' id='word_1_245' title='bbox 440 4608 637 4661; x_wconf 89' lang='lat' dir='ltr'>monasterium</span> <span class='ocrx_word' id='word_1_246' title='bbox 652 4607 743 4662; x_wconf 89' lang='lat' dir='ltr'>Sancti</span> 
     </span>
     <span class='ocr_line' id='line_1_38' title="bbox 196 4688 745 4763; baseline 0.015 -26"><span class='ocrx_word' id='word_1_247' title='bbox 196 4707 210 4737; x_wconf 87' lang='grc'>«</span> <span class='ocrx_word' id='word_1_248' title='bbox 221 4688 292 4742; x_wconf 89' lang='lat' dir='ltr'>Petri</span> <span class='ocrx_word' id='word_1_249' title='bbox 300 4691 491 4760; x_wconf 88' lang='lat' dir='ltr'>preoccupavit</span> <span class='ocrx_word' id='word_1_250' title='bbox 499 4710 523 4746; x_wconf 76' lang='lat' dir='ltr'>u.</span> <span class='ocrx_word' id='word_1_251' title='bbox 531 4690 608 4744; x_wconf 77' lang='lat' dir='ltr'>Fun).</span> <span class='ocrx_word' id='word_1_252' title='bbox 617 4691 677 4747; x_wconf 76' lang='lat' dir='ltr'>lun.</span> <span class='ocrx_word' id='word_1_253' title='bbox 684 4691 745 4763; x_wconf 84' lang='lat' dir='ltr'>Epi·</span> 
     </span>
     <span class='ocr_line' id='line_1_39' title="bbox 194 4772 300 4845; baseline 0.038 -19"><span class='ocrx_word' id='word_1_254' title='bbox 194 4772 262 4839; x_wconf 78' lang='lat' dir='ltr'>stola,</span> <span class='ocrx_word' id='word_1_255' title='bbox 278 4792 300 4845; x_wconf 88' lang='lat'>3.</span> 
     </span>
    </p>
   </div>
   <div class='ocr_carea' id='block_1_6' title="bbox 807 3927 1357 4758">
    <p class='ocr_par' dir='ltr' id='par_1_7' title="bbox 807 3927 1357 4758">
     <span class='ocr_line' id='line_1_40' title="bbox 810 3927 1357 3983; baseline 0.009 -5"><span class='ocrx_word' id='word_1_256' title='bbox 810 3941 890 3983; x_wconf 86' lang='lat' dir='ltr'>«tota</span> <span class='ocrx_word' id='word_1_257' title='bbox 905 3928 1038 3983; x_wconf 85' lang='lat' dir='ltr'>aecclesia</span> <span class='ocrx_word' id='word_1_258' title='bbox 1057 3928 1089 3982; x_wconf 90' lang='lat' dir='ltr'>ad</span> <span class='ocrx_word' id='word_1_259' title='bbox 1105 3928 1245 3982; x_wconf 85' lang='lat' dir='ltr'>basilicam</span> <span class='ocrx_word' id='word_1_260' title='bbox 1264 3927 1357 3983; x_wconf 89' lang='lat' dir='ltr'>Sancti</span> 
     </span>
     <span class='ocr_line' id='line_1_41' title="bbox 810 4012 1357 4084; baseline 0.004 -20"><span class='ocrx_word' id='word_1_261' title='bbox 810 4033 824 4064; x_wconf 75' lang='grc' dir='ltr'><strong>α</strong></span> <span class='ocrx_word' id='word_1_262' title='bbox 835 4015 907 4069; x_wconf 89' lang='lat' dir='ltr'>Petri</span> <span class='ocrx_word' id='word_1_263' title='bbox 916 4031 967 4068; x_wconf 92' lang='lat' dir='ltr'>nos</span> <span class='ocrx_word' id='word_1_264' title='bbox 973 4013 1102 4084; x_wconf 89' lang='lat' dir='ltr'>precessit</span> <span class='ocrx_word' id='word_1_265' title='bbox 1109 4024 1135 4066; x_wconf 90' lang='lat' dir='ltr'>et</span> <span class='ocrx_word' id='word_1_266' title='bbox 1143 4012 1176 4065; x_wconf 92' lang='lat' dir='ltr'>ad</span> <span class='ocrx_word' id='word_1_267' title='bbox 1184 4012 1282 4083; x_wconf 83' lang='lat' dir='ltr'>gradus</span> <span class='ocrx_word' id='word_1_268' title='bbox 1293 4029 1357 4067; x_wconf 90' lang='lat' dir='ltr'>cum</span> 
     </span>
     <span class='ocr_line' id='line_1_42' title="bbox 809 4098 1357 4168; baseline 0.002 -19"><span class='ocrx_word' id='word_1_269' title='bbox 809 4100 953 4152; x_wconf 76' lang='lat' dir='ltr'>«maxima</span> <span class='ocrx_word' id='word_1_270' title='bbox 972 4098 1145 4168; x_wconf 88' lang='lat' dir='ltr'>processione</span> <span class='ocrx_word' id='word_1_271' title='bbox 1161 4113 1212 4150; x_wconf 91' lang='lat' dir='ltr'>nos</span> <span class='ocrx_word' id='word_1_272' title='bbox 1231 4098 1357 4167; x_wconf 88' lang='lat' dir='ltr'>suscepit,</span> 
     </span>
     <span class='ocr_line' id='line_1_43' title="bbox 809 4180 1357 4251; baseline 0.002 -17"><span class='ocrx_word' id='word_1_273' title='bbox 809 4204 824 4234; x_wconf 78' lang='lat' dir='ltr'>n</span> <span class='ocrx_word' id='word_1_274' title='bbox 834 4195 860 4237; x_wconf 85' lang='lat' dir='ltr'>et</span> <span class='ocrx_word' id='word_1_275' title='bbox 873 4184 955 4236; x_wconf 90' lang='lat' dir='ltr'>missa</span> <span class='ocrx_word' id='word_1_276' title='bbox 969 4181 1102 4236; x_wconf 88' lang='lat' dir='ltr'>celebrata</span> <span class='ocrx_word' id='word_1_277' title='bbox 1111 4181 1144 4234; x_wconf 90' lang='lat' dir='ltr'>ad</span> <span class='ocrx_word' id='word_1_278' title='bbox 1154 4180 1238 4234; x_wconf 90' lang='lat' dir='ltr'>altare</span> <span class='ocrx_word' id='word_1_279' title='bbox 1248 4193 1357 4251; x_wconf 88' lang='lat' dir='ltr'>aposto·</span> 
     </span>
     <span class='ocr_line' id='line_1_44' title="bbox 808 4265 1356 4322; baseline -0.002 -3"><span class='ocrx_word' id='word_1_280' title='bbox 808 4289 823 4319; x_wconf 77' lang='lat' dir='ltr'>n</span> <span class='ocrx_word' id='word_1_281' title='bbox 833 4268 924 4322; x_wconf 90' lang='lat' dir='ltr'>lorum</span> <span class='ocrx_word' id='word_1_282' title='bbox 934 4267 1006 4320; x_wconf 90' lang='lat' dir='ltr'>Petri</span> <span class='ocrx_word' id='word_1_283' title='bbox 1020 4277 1046 4320; x_wconf 89' lang='lat' dir='ltr'>et</span> <span class='ocrx_word' id='word_1_284' title='bbox 1056 4265 1132 4319; x_wconf 91' lang='lat' dir='ltr'>Pauli</span> <span class='ocrx_word' id='word_1_285' title='bbox 1142 4267 1170 4319; x_wconf 91' lang='lat' dir='ltr'>in</span> <span class='ocrx_word' id='word_1_286' title='bbox 1179 4265 1286 4319; x_wconf 90' lang='lat' dir='ltr'>honore</span> <span class='ocrx_word' id='word_1_287' title='bbox 1295 4282 1356 4319; x_wconf 88' lang='lat' dir='ltr'>san-</span> 
     </span>
     <span class='ocr_line' id='line_1_45' title="bbox 808 4350 1355 4422; baseline 0 -19"><span class='ocrx_word' id='word_1_288' title='bbox 808 4373 822 4403; x_wconf 78' lang='lat'>«</span> <span class='ocrx_word' id='word_1_289' title='bbox 834 4350 1205 4422; x_wconf 84' lang='lat' dir='ltr'>ctaeMariaeVirginis,quia</span> <span class='ocrx_word' id='word_1_290' title='bbox 1213 4350 1355 4403; x_wconf 85' lang='lat' dir='ltr'>sabbatum</span> 
     </span>
     <span class='ocr_line' id='line_1_46' title="bbox 809 4433 1356 4501; baseline 0.005 -17"><span class='ocrx_word' id='word_1_291' title='bbox 809 4455 823 4484; x_wconf 71' lang='grc' dir='ltr'>ι(</span> <span class='ocrx_word' id='word_1_292' title='bbox 833 4446 899 4501; x_wconf 89' lang='lat' dir='ltr'>erat,</span> <span class='ocrx_word' id='word_1_293' title='bbox 917 4433 1135 4488; x_wconf 88' lang='lat' dir='ltr'>benedictionem</span> <span class='ocrx_word' id='word_1_294' title='bbox 1161 4449 1279 4488; x_wconf 91' lang='lat' dir='ltr'>coronae</span> <span class='ocrx_word' id='word_1_295' title='bbox 1301 4433 1356 4487; x_wconf 90' lang='lat' dir='ltr'>Ro·</span> 
     </span>
     <span class='ocr_line' id='line_1_47' title="bbox 808 4517 1356 4588; baseline 0.004 -19"><span class='ocrx_word' id='word_1_296' title='bbox 808 4519 906 4572; x_wconf 80' lang='lat' dir='ltr'>«mani</span> <span class='ocrx_word' id='word_1_297' title='bbox 925 4518 1030 4588; x_wconf 89' lang='lat' dir='ltr'>imperii</span> <span class='ocrx_word' id='word_1_298' title='bbox 1051 4517 1160 4588; x_wconf 85' lang='lat' dir='ltr'>largiter</span> <span class='ocrx_word' id='word_1_299' title='bbox 1178 4533 1258 4588; x_wconf 90' lang='lat' dir='ltr'>super</span> <span class='ocrx_word' id='word_1_300' title='bbox 1276 4531 1356 4588; x_wconf 90' lang='lat' dir='ltr'>caput</span> 
     </span>
     <span class='ocr_line' id='line_1_48' title="bbox 808 4601 1355 4674; baseline 0.005 -20"><span class='ocrx_word' id='word_1_301' title='bbox 808 4616 957 4657; x_wconf 80' lang='lat' dir='ltr'>«nostrum</span> <span class='ocrx_word' id='word_1_302' title='bbox 973 4601 1098 4656; x_wconf 79' lang='lat' dir='ltr'>effudit».</span> <span class='ocrx_word' id='word_1_303' title='bbox 1119 4603 1197 4658; x_wconf 73' lang='lat' dir='ltr'>Fam.</span> <span class='ocrx_word' id='word_1_304' title='bbox 1216 4602 1276 4657; x_wconf 75' lang='lat' dir='ltr'>Iste.</span> <span class='ocrx_word' id='word_1_305' title='bbox 1294 4603 1355 4674; x_wconf 77' lang='lat' dir='ltr'>Epi-</span> 
     </span>
     <span class='ocr_line' id='line_1_49' title="bbox 807 4688 916 4758; baseline 0 -16"><span class='ocrx_word' id='word_1_306' title='bbox 807 4688 875 4752; x_wconf 73' lang='lat' dir='ltr'>stola,</span> <span class='ocrx_word' id='word_1_307' title='bbox 893 4704 916 4758; x_wconf 82' lang='lat'>3.</span> 
     </span>
    </p>
   </div>
   <div class='ocr_carea' id='block_1_7' title="bbox 774 4770 1252 4842">
    <p class='ocr_par' dir='ltr' id='par_1_8' title="bbox 774 4770 1252 4842">
     <span class='ocr_line' id='line_1_50' title="bbox 774 4770 1252 4842; baseline -0.004 -14"><span class='ocrx_word' id='word_1_308' title='bbox 774 4772 834 4841; x_wconf 83' lang='lat'>665.</span> <span class='ocrx_word' id='word_1_309' title='bbox 847 4772 938 4827; x_wconf 74' lang='lat' dir='ltr'>Vane.</span> <span class='ocrx_word' id='word_1_310' title='bbox 951 4773 1016 4827; x_wconf 80' lang='lat' dir='ltr'>Am.</span> <span class='ocrx_word' id='word_1_311' title='bbox 1026 4773 1047 4838; x_wconf 90' lang='grc' dir='ltr'>Ι,</span> <span class='ocrx_word' id='word_1_312' title='bbox 1057 4770 1118 4842; x_wconf 83' lang='lat'>632,</span> <span class='ocrx_word' id='word_1_313' title='bbox 1131 4770 1177 4841; x_wconf 91' lang='lat'>111,</span> <span class='ocrx_word' id='word_1_314' title='bbox 1192 4770 1252 4837; x_wconf 80' lang='lat'><strong>264.</strong></span> 
     </span>
    </p>
   </div>
   <div class='ocr_carea' id='block_1_8' title="bbox 0 0 1722 5754">
    <p class='ocr_par' dir='ltr' id='par_1_9' title="bbox 0 0 1722 5754">
     <span class='ocr_line' id='line_1_51' title="bbox 0 0 1722 5754; baseline 0 2"><span class='ocrx_word' id='word_1_315' title='bbox 0 0 1722 5754; x_wconf 95' lang='lat' dir='ltr'> </span> 
     </span>
    </p>
   </div>
  </div>
 </body>
</html>
