3300 5796
743 553 993 610 ANONIMO

530 680 714 688 —-

412 799 545 865 «Brixia
564 801 698 867 Brusato
718 799 772 868 dat
790 802 884 883 uires,
903 802 1064 870 Gislitioni

413 915 636 1003 «Pergameus
654 917 790 1006 populus
810 916 949 985 confinia
967 936 1075 985 nostra
1093 918 1220 985 colenti.
1402 922 1440 1004 98
1445 942 1457 1004 5

413 1031 527 1118 «Ergo
546 1030 600 1098 diu
619 1030 702 1098 bello
721 1033 765 1099 sic
784 1031 956 1100 conflixere
975 1032 1115 1100 nefando

412 1147 581 1234 «Vtraque
600 1170 692 1234 gens,
708 1148 789 1236 parti
807 1149 892 1215 uarie
911 1147 1082 1237 prestando
1100 1147 1257 1229 fauorem,

413 1262 545 1349 «Atque
564 1284 677 1349 graues
696 1285 787 1350 passa
805 1282 852 1330 est
870 1287 950 1351 gens
970 1283 1100 1352 utraque
1118 1286 1194 1351 sepe
1213 1263 1333 1344 ruinas,

413 1403 428 1438 rr
441 1377 619 1466 Amisitque
638 1379 723 1445 uiros
742 1378 796 1444 tali
814 1379 995 1447 discrimine
1015 1379 1142 1446 multos.

412 1518 428 1553 <r
441 1491 510 1557 Hec
527 1491 709 1558 inimicicias
730 1495 894 1581 generauit
912 1517 1006 1561 causa
1025 1495 1156 1582 priores,
1401 1514 1460 1579 990

413 1633 428 1668 «
441 1608 559 1674 Fomes
578 1626 610 1674 et
628 1608 745 1675 irarum
764 1608 835 1690 fuit3
855 1608 929 1675 hinc
948 1608 1103 1676 discordia
1123 1610 1230 1677 creuit.

411 1723 587 1811 «Denique
607 1722 752 1790 ductores
771 1723 844 1790 fessi
863 1723 1014 1813 fractique
1033 1724 1150 1807 duello,

412 1838 527 1906 «Cum
545 1838 641 1906 simul
659 1840 741 1907 inter
757 1862 792 1919 se
810 1838 990 1907 firmassent
1008 1838 1114 1908 federa
1133 1841 1229 1929 pacis,

412 1979 427 2014 <r
441 1954 590 2021 Brusatus
609 1952 727 2021 bellum
746 1955 876 2043 cupiens
896 1957 993 2022 uitare
1013 1954 1166 2037 futurum,

411 2068 588 2137 «Vendere
606 2071 772 2159 proposuit
789 2070 925 2159 quedam
945 2069 1155 2159 pulcherrima
1174 2089 1274 2139 castra
1401 2094 1459 2156 995
1479 2124 1481 2129 .

411 2212 426 2247 «
439 2186 483 2251 i't
501 2183 570 2251 loca
589 2184 746 2253 desereret
764 2185 920 2253 bellorum
939 2186 1015 2253 cede
1034 2207 1174 2268 cruenta,

411 2326 427 2361 «
440 2301 668 2389 Brixianosque
686 2302 771 2389 prius
791 2300 837 2367 bis
856 2321 966 2389 terque
985 2320 1157 2390 quaterque
1177 2303 1302 2389 rogauit

410 2417 482 2482 «Vt
500 2415 570 2497 sibi,
589 2417 615 2483 si
634 2416 763 2498 uellent,
782 2437 939 2498 emerent3
958 2418 984 2483 si
1003 2440 1082 2497 non,
1101 2416 1187 2484 daret
1205 2416 1257 2483 illa

409 2531 631 2619 «Pergameis,
651 2531 700 2598 uel
720 2534 851 2599 mercari
871 2534 1059 2620 cuicumque
1078 2532 1208 2600 uolenti.

408 2671 424 2707 (ι
438 2645 513 2724 Que
532 2670 606 2713 cum
626 2649 757 2714 mercari
776 2671 810 2714 se
829 2649 933 2714 Brixia
952 2647 1034 2714 ueile
1052 2666 1211 2735 negasset,
1382 2668 1462 2713 1000

407 2761 530 2829 «Vrbis
550 2763 725 2851 Pergameo
743 2764 849 2851 precio
870 2762 955 2830 dedit
975 2761 1025 2828 illa
1044 2761 1233 2851 quibusdam

406 2902 422 2938 u
436 2876 569 2944 Ciuibus
589 2898 729 2967 accepto
766 2878 852 2968 quod
871 2899 1042 2967 postquam
1061 2879 1165 2945 Brixia
1183 2880 1286 2958 nouit,

405 2992 603 3081 «Indignata
622 2994 729 3076 nimis,
748 2997 830 3083 cepit
850 3018 928 3061 mox
947 2994 1027 3061 bella
1046 3017 1178 3061 mouere

405 3110 472 3177 «Et
490 3113 639 3198 grauiter,
657 3111 719 3177 uisi
737 3111 908 3178 reddantur
926 3109 985 3176 sibi
1004 3130 1116 3190 castra,
1136 3110 1265 3189 minari;

404 3225 502 3292 «Nec
521 3226 627 3293 soluna
647 3227 733 3293 ciues
752 3226 822 3292 illos
841 3226 897 3314 qui
916 3246 1016 3292 castra
1034 3225 1195 3305 terrebant,
1380 3246 1458 3309 1005

404 3342 555 3408 «Verum
574 3343 768 3429 Pergameos
787 3365 902 3409 uexare
921 3339 1065 3407 ferociter
1083 3363 1207 3407 omnes.

404 3456 599 3543 «Pergamei
619 3459 704 3524 ciues
723 3479 835 3545 pacem
856 3479 922 3522 non
942 3455 1023 3523 belia
1042 3455 1198 3533 uolentes,

403 3571 589 3640 «Iudicium
610 3572 718 3639 dicunt
736 3572 845 3660 legum
865 3594 900 3639 se
921 3571 1001 3638 uelle
1019 3570 1125 3638 subire

402 3714 418 3747 r
431 3688 471 3753 Et
490 3689 557 3753 sine
575 3687 692 3754 iudicio
711 3688 837 3754 castella
855 3689 1016 3754 remittere
1036 3709 1222 3774 numquam.

403 3831 419 3865 (ι
432 3805 513 3885 Hec,
532 3805 582 3891 pie
601 3826 668 3885 rex,
687 3803 788 3870 multo
807 3802 964 3869 discordia
983 3821 1127 3891 tempore
1146 3801 1238 3869 durat
1376 3822 1459 3865 roro

400 3919 668 4006 «Fortunamque
687 3941 820 4006 grauem
840 3917 976 4006 populus
996 3917 1141 3983 tolerauit
1161 3936 1305 4004 uterque,

399 4034 540 4122 «Sepius
560 4054 592 4101 et
611 4032 729 4100 multos
748 4032 884 4121 plorauit
904 4052 1036 4121 uterque
1054 4054 1188 4099 suorum

400 4151 593 4217 «Extincros
613 4151 701 4217 uario
720 4148 777 4216 diri
797 4150 969 4216 luctamine
989 4147 1110 4214 Martis.

399 4293 415 4327 u
428 4267 495 4346 Set,
513 4268 622 4354 siquos
642 4265 725 4332 bello
744 4267 878 4355 cepisset
896 4264 1027 4354 quilibet
1047 4264 1176 4345 horum,

313 4527 368 4586 995.
382 4526 439 4572 Cod.
454 4528 592 4584 pulcherima

259 4756 375 4831 936.ςὶ
390 4759 629 4825 Vruo,Acrr.X11,
646 4775 703 4830 572.
869 4773 931 4828 992.
947 4756 990 4811 Cf.
1008 4757 1096 4811 Varo.
1113 4757 1177 4812 Aen.
1193 4753 1226 4817 ΙΙ,
1244 4769 1320 4825 13-4.

257 4842 318 4911 989.
332 4843 421 4897 Varro.
436 4844 502 4897 Am.
517 4843 565 4911 IX,
582 4858 640 4897 210
869 4858 929 4912 993.
944 4841 1035 4897 Varo.
1048 4842 1113 4896 Aer.
1126 4839 1188 4903 ΧΠ,
1202 4854 1261 4893 212.
