3300 5796
430 475 491 523 100
892 471 1144 528 ANONIMO

471 719 615 810 Oraque,
634 720 815 809 composito
834 720 968 789 miseros
986 742 1137 789 sermone
1156 719 1284 809 fatigat:

474 836 583 917 «Quo
601 836 717 926 poterit
735 834 818 903 bello
836 836 901 903 iam
921 854 1025 904 uestra
1043 837 1197 904 nitescere
1216 837 1342 905 uirtus?

476 954 570 1019 «Aut
588 949 642 1018 ubi
660 949 805 1018 militiam
826 953 942 1019 teneris
960 949 1086 1019 discetis
1104 949 1142 1018 ab
1162 951 1277 1018 annis?

474 1067 649 1154 «Insignes
669 1065 785 1134 facient
803 1067 936 1135 iuuenes
954 1065 1120 1134 muliebria
1138 1089 1254 1155 segnes

475 1209 491 1246 κ
504 1181 594 1264 Otia,
614 1201 763 1251 uenturas
782 1200 951 1250 consumet
970 1183 1082 1250 inertia
1100 1183 1194 1250 uites.
1300 1233 1303 1239 .

476 1298 595 1364 «Pacis
613 1298 647 1364 in
666 1297 725 1364 hac
744 1295 817 1364 leda
836 1299 944 1387 requie
963 1296 1127 1387 torpebitis
1146 1317 1178 1366 et
1196 1297 1241 1365 nil

475 1411 639 1480 «Laudari
658 1411 794 1500 dignum
812 1431 923 1480 nostro
943 1412 1062 1481 facietis
1081 1413 1114 1480 in
1136 1413 1221 1482 euo?

474 1529 571 1595 «Vos
590 1526 729 1616 patribus
749 1528 859 1615 geniti,
879 1551 1018 1617 quorum
1036 1528 1173 1618 preclara
1192 1550 1248 1616 per
1265 1526 1379 1597 orbem

474 1668 490 1707 «
503 1644 598 1711 Facta
616 1660 745 1725 sonant,
763 1666 820 1731 per
838 1666 920 1732 quos
939 1645 983 1711 sic
1003 1644 1104 1733 gloria
1123 1642 1298 1712 Mediolani

474 1758 612 1825 «Creuit
632 1778 666 1825 ut
684 1758 718 1824 in
739 1758 859 1825 cunctis
879 1757 969 1825 fieret
987 1757 1192 1827 celeberrima
1210 1758 1321 1826 terris?
1537 1766 1631 1848 2650

475 1872 594 1953 «Quin
614 1873 711 1961 igitur
729 1892 883 1943 moueant
902 1875 1027 1941 animos
1046 1873 1192 1963 exempla
1210 1892 1390 1962 parentum,

475 2016 491 2052 «
504 1989 673 2057 Excutiant
692 2006 818 2056 mentes
838 1991 997 2058 maiorum
1016 1988 1098 2057 facta
1115 1990 1265 2070 iacentes,

476 2132 492 2169 κ
505 2104 600 2185 Quos
619 2103 741 2175 tulitin
761 2105 866 2174 celum
886 2107 986 2174 uirtus
1005 2122 1037 2173 et
1056 2105 1157 2193 gloria
1175 2104 1258 2173 belli.

476 2220 657 2309 «Degener
675 2238 723 2287 est
741 2221 796 2308 qui
814 2218 897 2287 facta
915 2220 1003 2309 sequi
1022 2217 1174 2287 detrectat
1193 2240 1340 2300 auorum,

477 2334 656 2422 «Degener
675 2352 723 2401 est
740 2335 878 2423 patrium
897 2335 1090 2423 quicumque
1108 2333 1255 2422 relinquit
1274 2314 1434 2402 bonorem
1446 2360 1478 2401 u.
1536 2341 1627 2424 2655

363 2536 366 2540 Δ
471 2447 604 2517 Talibus
624 2451 749 2517 exacuit
768 2473 883 2538 pueros
903 2451 1098 2539 iuuenesque
1117 2448 1261 2538 loquelis.

472 2565 557 2632 Hinc
577 2562 617 2632 ad
636 2564 816 2652 grandeuos
836 2562 929 2632 fallax
948 2588 983 2633 se
1002 2566 1096 2633 uertit
1115 2564 1227 2632 erinis:

475 2677 632 2747 «Grande
644 2705 660 2741 u
684 2679 727 2746 ait
750 2678 985 2768 «obprobrium
1001 2696 1058 2762 est,
1074 2681 1099 2746 si
1115 2704 1172 2768 per
1186 2698 1235 2749 tot
1253 2699 1397 2769 tempora
1412 2678 1491 2749 liber

475 2796 608 2884 «Atque
626 2813 741 2884 potens
761 2794 909 2884 populus,
930 2797 980 2864 cui
999 2819 1079 2884 gens
1097 2818 1206 2884 parere
1225 2795 1347 2863 solebat

475 2936 491 2973 κ
503 2911 628 2991 Extera,
647 2910 701 2998 qui
721 2909 810 2977 claris
828 2909 967 2999 pollebat
985 2909 1101 2999 ubique
1120 2910 1299 3010 triumphis,
1534 2918 1628 2983 2660

475 3023 619 3092 «Seruili
636 3048 721 3093 nunc
740 3024 821 3093 colla
839 3026 917 3113 iugo
936 3024 1102 3108 submittit,
1122 3025 1255 3094 honoris

476 3139 636 3208 «Oblitus
655 3142 769 3208 ueteris
788 3140 1001 3229 libertatisque
1020 3158 1160 3230 paterne.

476 3257 568 3324 «Hei
586 3257 701 3325 michil
720 3257 779 3326 sub
799 3275 906 3325 uestro
924 3256 1090 3326 reuerendi
1109 3275 1253 3345 tempore
1274 3277 1378 3347 patres

476 3370 640 3440 «Deficiet
660 3389 749 3441 tanto
769 3373 865 3441 decus
884 3372 962 3440 olim
981 3372 1137 3462 sanguine
1156 3373 1304 3462 partum?

476 3487 579 3555 «Heu
598 3487 716 3577 pudori
736 3487 870 3557 illustres
889 3487 1045 3576 parebunt
1063 3487 1238 3556 Mediolani
1530 3492 1600 3555 266
1601 3511 1620 3575 5

476 3602 693 3671 «Teutonicis
711 3605 797 3673 ciues
816 3603 987 3673 subeuntes
1006 3606 1090 3673 iussa
1108 3604 1261 3694 superbis,

476 3718 543 3785 «ln
562 3717 699 3786 famulos
718 3718 841 3786 domini
860 3738 1023 3787 uertentur
1040 3738 1125 3787 sorte
1143 3720 1292 3787 sinistra?

477 3860 493 3898 «
506 3834 633 3916 Hocne,
653 3835 710 3901 uiri
729 3833 838 3917 fortes,
857 3855 964 3903 uestro
983 3835 1155 3903 tolerabitis
1174 3836 1258 3904 euo?

477 3949 626 4017 «Nonne
645 3950 727 4016 mori
747 3949 860 4018 melius
880 3951 1093 4039 miseramque
1112 3951 1288 4040 relinquere
1308 3952 1428 4020 uitam?
1584 4029 1590 4038 ,

477 4063 591 4131 «Nam
610 4064 680 4152 quis
703 4062 783 4132 ferre
802 4082 908 4154 queat,
925 4067 976 4133 cui
995 4089 1086 4133 mens
1105 4068 1294 4155 animusque
1312 4066 1419 4148 uirilis,
1530 4069 1621 4152 2670

480 4178 690 4246 «Teutonice
708 4177 826 4247 fastum
845 4181 948 4268 gentis
968 4179 1181 4272 dominosque
1197 4181 1375 4270 superbos?

479 4320 495 4358 «
509 4294 561 4381 Hij
582 4294 798 4363 subiectorum
818 4279 948 4385 rapiunt
961 4295 1020 4365 sibi
1038 4321 1163 4388 queque
1181 4322 1326 4381 suorum,

489 4501 563 4556 ²⁶44·
578 4499 634 4545 Cod.
650 4498 729 4546 ferient
783 4502 850 4560 2⁶57·
866 4479 922 4547 (lod.
937 4501 1022 4547 erinnis

430 4674 560 4745 2648·5o.
574 4675 617 4731 Cf.
626 4676 715 4731 Varo.
726 4679 790 4733 Aen.
805 4677 839 4745 X,
854 4695 912 4751 397,
924 4680 1015 4751 Georg.
1039 4678 1116 4749 2653.
1132 4679 1175 4735 cf.
1191 4680 1280 4735 Vane.
1295 4682 1357 4736 Aen.
1373 4681 1420 4747 VI,
1439 4698 1496 4750 130.

465 4760 500 4829 11,
516 4776 574 4833 533.
1039 4764 1170 4836 2679-81.
1185 4764 1227 4820 cf.
1242 4766 1329 4821 Vane.
1343 4768 1407 4822 Aa«.
1417 4765 1585 4834 Vll,4o6-8.
