3300 5796
871 513 1124 570 ANONIMO

533 761 640 849 Exigit
658 761 855 830 immensum
873 784 932 850 pro
951 763 1137 846 transitione
1156 762 1329 847 tributum;

534 875 596 942 Cui
615 893 735 957 tamen,
755 894 790 944 ut
808 875 895 975 fama
913 895 971 959 est,
990 900 1071 965 gens
1090 900 1222 945 munera
1240 878 1418 947 Mediolani

533 992 674 1072 Miserat,
694 1010 728 1061 ut
747 991 851 1060 nullos
869 993 986 1061 sineret
1005 993 1136 1060 transire
1155 992 1325 1082 maniplos.
1506 999 1590 1062 1660

533 1104 567 1173 O
587 1129 684 1195 quarn
704 1106 770 1174 dira
789 1107 856 1176 lues
875 1109 974 1175 animi
992 1107 1147 1176 scelerosa
1166 1106 1299 1197 cupido!

533 1219 566 1288 Ο
587 1223 702 1290 uitium
719 1221 812 1290 letale
834 1221 976 1312 quidem,
995 1241 1044 1290 set
1063 1221 1196 1290 amabile
1215 1223 1335 1306 multis,

532 1338 666 1407 Morbus
685 1340 826 1421 auaritie,
845 1340 899 1429 qui
918 1340 983 1407 iam
1001 1340 1185 1408 dominatur
1201 1341 1235 1407 in
1254 1362 1371 1408 omnes

531 1456 619 1522 Pene
639 1456 736 1537 uiros,
755 1474 944 1544 mentesque
963 1474 1050 1523 tenet
1069 1456 1184 1524 uirtute
1203 1457 1342 1523 remota!

532 1572 617 1658 Ergo
637 1570 875 1639 Cremonenses
893 1571 982 1638 sotiis
1000 1589 1138 1659 prestare
1157 1571 1312 1638 iuuamen
1507 1575 1589 1657 1665

531 1686 621 1753 Dum
639 1705 814 1775 nequeunt,
831 1685 912 1755 fines
932 1685 1088 1755 inuadunt
1107 1685 1281 1754 Mediolani

532 1803 572 1869 Et
590 1801 716 1870 castella
736 1803 857 1892 aliquot
877 1802 959 1871 ferro
977 1803 1169 1891 populantur
1187 1820 1220 1870 et
1237 1803 1314 1890 igni.

531 1917 664 2006 Iamque
685 1917 746 1986 due
765 1918 890 1986 stabant
908 1919 990 1986 acies
1009 1916 1181 2007 populique
1200 1917 1298 2006 parati

531 2031 582 2099 Ad
602 2056 756 2121 pugnam,
774 2033 905 2102 modico
925 2032 1083 2102 distabant
1100 2033 1200 2100 limite
1219 2033 1339 2120 campi:

531 2149 645 2217 Mutua
663 2150 818 2217 mirantur
837 2149 927 2216 claris
945 2149 1098 2216 radiantia
1117 2149 1216 2237 signis
1507 2153 1593 2235 1670

529 2266 671 2352 Agmina
689 2288 786 2355 seque
804 2284 917 2355 petunt
936 2266 1040 2332 missis
1059 2263 1133 2332 hinc
1153 2263 1226 2331 inde
1245 2263 1379 2351 sagittis.

532 2380 664 2448 Clamor
682 2382 714 2448 in
735 2381 861 2450 excelso
880 2400 1009 2449 resonat
1028 2383 1180 2470 uarioque
1199 2379 1349 2461 tumultu,

531 2495 642 2563 Castra
660 2495 802 2566 fremunt
820 2499 981 2587 animique
1000 2516 1104 2565 truces
1122 2519 1179 2564 sua
1197 2514 1326 2584 pectora
1343 2495 1480 2584 pulsant.

530 2612 627 2680 Nunc
646 2611 706 2680 hos
725 2636 811 2681 nunc
829 2613 900 2681 illos
918 2613 1061 2695 hortans,
1080 2615 1221 2680 Fortuna
1239 2611 1360 2680 laborat

531 2726 726 2796 Cunctantes
747 2730 879 2797 miscere
898 2729 980 2796 acies
999 2726 1187 2817 gladiosque
1206 2750 1356 2810 mouere3
1507 2733 1590 2815 1675

531 2843 587 2910 Set
605 2842 762 2932 trepidant
780 2843 1006 2933 retrahuntque
1024 2842 1141 2933 pedem
1155 2842 1320 2932 fatumque
1335 2862 1502 2911 morantur

531 2958 799 3041 Mediolanenses,
818 2961 932 3027 moniti
953 2983 1075 3027 cessare
1093 2982 1262 3048 parumper

529 3076 576 3142 Ac
596 3077 730 3143 retinere
750 3099 876 3158 manus,
895 3077 1021 3143 animos
1040 3075 1173 3143 tollente
1191 3076 1288 3165 Papia

529 3192 569 3258 Et
588 3193 734 3280 stipante,
753 3191 868 3279 quibus
888 3189 1021 3259 confidit
1038 3193 1125 3280 regia
1144 3193 1246 3280 signa.

531 3307 610 3374 Mox
630 3325 739 3375 tamen
758 3308 881 3375 accensi
901 3308 995 3376 uariis
1014 3306 1190 3375 hortatibus
1209 3329 1324 3374 omnes
1508 3310 1597 3376 1680

528 3422 661 3490 Ardenti
681 3447 824 3512 pugnam
843 3442 1048 3512 properantes
1067 3442 1194 3511 pectore
1214 3442 1360 3512 poscunt.

529 3536 676 3606 Passibus
696 3558 729 3606 at
747 3557 856 3606 contra
874 3538 990 3627 rapidis
1009 3562 1089 3627 gens
1109 3538 1190 3606 clara
1209 3538 1316 3606 Ticini

529 3652 636 3720 Currit
655 3673 687 3721 et
706 3652 826 3720 infestis
846 3653 1047 3723 uenientibus
1069 3653 1177 3721 obuiat
1195 3654 1301 3721 armis.

527 3767 651 3835 Bellum
671 3769 785 3855 ingens
803 3769 913 3848 oritur,
930 3769 1041 3857 gladiis
1059 3789 1221 3858 pugnatur
1238 3788 1271 3836 et
1288 3768 1385 3836 hastis

528 3881 700 3949 Missilibus
719 3882 788 3949 telis
809 3882 904 3951 clauis
924 3883 1108 3972 lenibusque
1127 3885 1259 3972 sagittis
1502 3887 1588 3972 1685

528 3995 624 4063 Scuta
643 4019 784 4085 caueque
804 4018 919 4066 sonant
938 3999 1039 4088 galee,
1058 3998 1209 4089 fususque
1227 4021 1284 4088 per
1302 4016 1387 4065 artus

527 4111 634 4179 Sudor
652 4114 716 4200 agit
736 4114 832 4193 riuos,
848 4114 939 4182 tellus
958 4138 1089 4203 quoque
1108 4116 1263 4204 sangnine
1283 4131 1403 4194 manat,

462 4344 526 4404 1665.
543 4344 598 4393 Cod.
613 4357 742 4392 cremonses
799 4347 860 4403 1676.
876 4347 932 4393 Cod.
948 4347 1064 4394 retrahunt
1126 4348 1191 4406 1678.
1207 4347 1263 4393 Cod.
1278 4347 1382 4408 tollentes
1444 4343 1506 4403 1665.
1529 4343 1592 4391 Cod.

392 4423 510 4469 misillibus

395 4625 469 4680 1661.
484 4625 526 4680 Cs.
541 4627 628 4680 Vnuo.
643 4627 706 4681 Aen.
721 4626 768 4693 VI,
784 4644 841 4696 373.
1007 4628 1082 4695 1684.
1096 4628 1138 4683 Cs.
1152 4630 1241 4684 Vane.
1258 4630 1322 4684 Acri.
1335 4627 1368 4697 ΙΙ,
1381 4643 1442 4694 411,
1458 4627 1479 4693 1,
1495 4623 1554 4695 263.

395 4707 469 4778 1673.
483 4708 526 4763 Cf.
540 4710 629 4764 Vere.
642 4712 706 4765 Aea.
717 4711 749 4778 V,
766 4714 825 4780 138.
1007 4712 1080 4767 1686.
1096 4714 1185 4768 Vuae.
1201 4716 1264 4769 Aen.
1280 4713 1328 4777 IX,
1343 4710 1440 4781 666-7.

394 4793 470 4864 1676.
487 4795 576 4848 Vero.
589 4795 651 4849 Aen.
666 4794 700 4862 X,
717 4811 776 4865 307.
1007 4795 1082 4868 1687.
1096 4797 1140 4853 cf.
1153 4798 1242 4853 Vnae.
1256 4800 1320 4853 Aen.
1333 4797 1367 4864 V,
1381 4812 1439 4851 aoo.
