3300 5796
848 515 1100 573 ANONIMO

512 764 585 851 Ipse
604 761 710 845 simul,
730 761 828 831 densa
845 782 946 833 tectus
965 763 1136 848 testudine,
1154 764 1269 834 ductor
1487 789 1568 856 3040

513 879 603 946 Dans
622 877 805 967 exemplum
824 879 901 963 aliis,
921 898 1037 948 terram
1055 880 1257 971 uirgultaque
1276 883 1380 951 iactat.

514 996 557 1062 At
575 1017 669 1082 super
688 1018 707 1062 e
726 1018 819 1063 muro
838 996 981 1064 certatim
1000 995 1091 1065 turba
1110 996 1294 1066 Cremensis

517 1109 598 1177 Tela
616 1108 701 1177 faces
720 1134 755 1178 ac
774 1133 849 1178 saxa
866 1111 939 1179 iacit
957 1112 1168 1202 uolucresque
1186 1114 1330 1202 sagittas,

517 1223 681 1293 Omnibus
700 1242 795 1314 atque
814 1224 918 1292 modis
938 1225 1046 1294 hostes
1066 1249 1168 1294 arcere
1187 1225 1319 1296 laborat.

518 1341 625 1408 Firma
643 1359 751 1408 tamen
770 1340 865 1409 duros
884 1343 964 1410 ictus
983 1340 1111 1411 testudo
1128 1343 1259 1433 repellit,
1489 1366 1569 1432 3043

517 1459 737 1547 Instantesque
757 1458 844 1546 operi
863 1479 1006 1546 proceres
1026 1456 1176 1547 adoperta
1195 1475 1309 1527 tuetur.

518 1573 691 1660 Lassantur
709 1569 822 1640 frustra
840 1573 988 1640 iacientes
1007 1594 1083 1640 saxa
1102 1573 1294 1641 Cremenses

517 1689 619 1770 Irrita,
637 1710 696 1754 nec
714 1687 843 1777 prodest
861 1687 969 1777 plenas
988 1711 1122 1756 uacuare
1140 1688 1318 1777 pharetras3

519 1803 620 1891 Regia
634 1825 773 1892 namque
792 1801 897 1870 falanx
915 1801 1016 1869 fossas
1034 1802 1261 1871 nichilominus
1280 1803 1402 1893 implet.

519 1919 651 2007 Iamque
670 1919 748 1986 aries
767 1941 897 1986 murum
914 1917 1028 1986 feriens
1048 1917 1198 2007 dirumpit
1216 1938 1247 1987 et
1266 1919 1407 2009 amplam
1493 1942 1579 2008 3030

523 2033 665 2102 Intrandi
684 2033 793 2123 prebet
810 2032 967 2122 patefacto
986 2033 1086 2101 limite
1104 2054 1241 2123 portam.

521 2150 670 2218 Protinus
690 2172 730 2216 ex
749 2148 839 2216 omni
859 2150 1017 2218 concurrit
1035 2168 1123 2239 parte
1141 2149 1290 2218 iuuentus

522 2264 638 2333 Clausa
656 2287 775 2354 pauens
794 2262 977 2352 aditumque
996 2282 1083 2332 tenet
1102 2263 1302 2353 trabibusque
1320 2265 1447 2332 ruinam

524 2378 673 2448 Obstruit
692 2378 822 2446 obiectis
840 2377 1049 2469 prohibetque
1067 2380 1182 2447 intrare
1200 2398 1356 2468 parantes.

522 2495 662 2563 Tollitur
679 2495 713 2561 in
732 2494 836 2563 celum
856 2494 975 2562 clamor
994 2494 1129 2584 bellique
1147 2494 1313 2578 tumultun
1367 2472 1371 2485 ⁸
1497 2518 1585 2585 3033

522 2609 673 2699 Vndique
690 2632 766 2676 saxa
784 2609 904 2691 nolant,
924 2609 1071 2678 manibus
1090 2612 1273 2678 transmissa
1292 2612 1447 2694 uirorum,

524 2727 775 2815 Innumerasque
791 2724 887 2792 simul
904 2726 1035 2794 mittunt
1053 2725 1127 2794 binc
1145 2724 1219 2793 inde
1239 2727 1378 2814 sagittas.

525 2839 675 2908 Tandem
693 2863 760 2908 nox
778 2863 893 2908 seuum
911 2841 1051 2930 reprimit
1069 2840 1237 2909 tenebrosa
1255 2840 1414 2924 lurorem3

526 2956 622 3025 Tunc
641 2955 719 3045 uigil
739 2957 771 3024 in
790 2979 883 3024 muro
902 2955 1029 3024 simulat
1047 2955 1231 3024 molinarius
1250 2974 1351 3024 artem

526 3074 680 3141 Exercere
698 3094 790 3139 suam
809 3090 840 3139 et
859 3070 937 3139 dum
956 3091 1059 3139 cetera
1077 3070 1168 3139 turba
1185 3073 1326 3160 quietem
1499 3076 1593 3160 3060

525 3189 675 3270 Duceret,
695 3188 761 3276 ipse
780 3185 875 3268 foras,
896 3184 1012 3253 castelli
1031 3184 1106 3253 sede
1124 3184 1241 3269 relicta,

526 3302 599 3370 Exit
617 3320 648 3370 et
668 3300 706 3369 ad
724 3302 844 3370 summi
863 3292 961 3370 fertur
978 3302 1114 3370 tentoria
1131 3301 1232 3389 regis:

528 3419 593 3486 Seu
612 3416 699 3487 uidet
716 3415 866 3485 infractos
886 3416 1020 3486 aduerso
1039 3434 1139 3484 marte
1159 3415 1351 3484 Cremenses

396 3629 473 3688 3040.
486 3612 530 3670 Cf.
544 3614 635 3669 Vane.
648 3615 713 3669 Aen.
728 3613 776 3681 IX,
792 3613 980 3682 514;Luc1nr.
1039 3634 1054 3664 α
1064 3616 1110 3686 0οἰ
1127 3611 1290 3668 Marchisius
1313 3613 1461 3667 vocabatur
1488 3624 1516 3667 et
1544 3617 1595 3686 qui

444 3697 532 3752 Phars.
545 3695 593 3762 111,
607 3709 668 3765 474.
1039 3716 1053 3747 0
1064 3694 1120 3751 lere
1127 3712 1224 3750 omnes
1233 3712 1386 3766 manganos
1394 3707 1421 3751 et
1429 3696 1595 3767 pretherias,

397 3797 473 3854 3041.
487 3781 645 3852 uirgullaque
662 3780 751 3850 molat]
773 3779 908 3835 «Interim
931 3782 981 3835 im·
1039 3781 1213 3838 «scrimalias
1225 3798 1274 3837 seu
1289 3782 1430 3836 machinas
1445 3794 1594 3855 ceteraque

432 3877 600 3939 «perator...,
609 3865 709 3921 relictis
719 3865 879 3920 Lombardis
894 3868 921 3919 in
934 3866 981 3920 ob·
1039 3886 1054 3917 0
1066 3865 1339 3922 defensioniscreme
1349 3868 1529 3920 instrumenta
1539 3882 1594 3921 suo

433 3952 561 4007 «sidione
573 3950 770 4018 Cremae,cum
780 3949 982 4005 exercituTeu·
1040 3971 1055 4002 <r
1065 3950 1180 4006 mirabili
1199 3952 1309 4022 ingenio
1326 3960 1526 4021 composuerat,
1540 3951 1595 4004 im-

433 4037 613 4092 etonicomm
631 4037 686 4090 iarn
704 4036 823 4090 secunda
842 4038 901 4090 vice
920 4051 982 4106 pro
1040 4046 1217 4106 operatorem
1241 4046 1269 4089 et
1291 4047 1396 4105 partem
1419 4035 1477 4088 eius
1501 4037 1594 4106 magis

434 4122 540 4176 «cessit
554 4121 587 4173 ad
603 4121 762 4174 vastandam
777 4137 888 4182 omnem
905 4136 983 4191 sege·
1041 4134 1148 4190 «quarn
1158 4115 1378 4171 Mediolanenses
1388 4126 1415 4171 et
1424 4115 1594 4172 Cremenses

434 4218 514 4261 «tem
543 4205 791 4261 Mediolanensium
818 4216 845 4259 et
873 4205 982 4260 arbores
1040 4202 1208 4274 «diligens...
1224 4217 1287 4256 cum
1302 4203 1465 4273 imperatore
1480 4211 1507 4255 et
1523 4202 1594 4256 Cre·

435 4290 630 4362 «extirpandas
646 4301 673 4343 et
691 4288 780 4360 opida,
792 4304 861 4361 quae
876 4304 983 4342 reman·
1041 4287 1242 4342 «monensibus
1269 4286 1379 4358 pepigit.
1416 4285 1449 4340 Et
1472 4286 1592 4358 quadam

435 4393 450 4424 r
459 4383 558 4440 serant,
569 4371 688 4427 funditus
700 4371 862 4426 destruenda
871 4392 895 4424 a.
910 4371 982 4426 Buri·
1042 4392 1057 4423 e
1068 4382 1175 4426 nocte...
1195 4372 1294 4437 exiens,
1316 4366 1431 4442 desuper
1446 4385 1593 4424 murum...

433 4473 539 4513 enaiim
549 4468 576 4512 et
585 4456 829 4513 CuounumUnsn.
838 4456 952 4527 Chaon]
959 4471 982 4524 5.
1042 4477 1057 4506 «
1068 4467 1095 4510 et
1105 4471 1152 4528 per
1161 4455 1282 4509 medium
1292 4472 1362 4527 aque
1371 4472 1423 4528 que
1434 4452 1593 4510 eratinfos·

401 4557 476 4615 3055.
491 4542 581 4598 Vero.
598 4544 661 4598 Aen.
676 4541 739 4609 XII,
754 4541 815 4610 462.
1043 4561 1058 4592 0
1068 4551 1154 4595 sato...
1177 4541 1318 4606 transiens,
1342 4539 1376 4594 ad
1399 4542 1592 4610 imperatorem

401 4644 478 4702 3039.
496 4629 656 4698 molinarius]
677 4628 837 4701 «...quidam
855 4627 984 4699 magister
1044 4623 1266 4695 «confugiam.
1274 4624 1446 4679 MonuuuDa
1453 4624 1503 4678 reb.
1510 4623 1592 4677 Laud.

436 4713 541 4767 «valde
556 4714 713 4784 ingeniosus
724 4728 804 4782 super
815 4728 912 4766 omnes
927 4727 984 4764 ma·
1042 4706 1102 4780 617.
1118 4707 1258 4762 Givnrc.
1273 4707 1361 4762 Pauo.
1377 4707 1471 4763 Annal.
1488 4704 1574 4778 677⁴¹.

437 4798 570 4867 «gistros,
587 4798 634 4870 qui
647 4807 712 4852 tunc
731 4808 808 4851 erant
827 4798 855 4851 in
874 4795 984 4861 Crema,
1010 4793 1115 4865 3063-4.
1127 4793 1217 4849 Vino.
1232 4795 1295 4849 Aen.
1308 4792 1369 4859 XII,
1388 4809 1446 4848 1-2.
