3300 5796
587 469 712 527 GESTA
739 470 778 525 DI
806 470 993 527 FEDERICO
1020 471 1042 526 I.

354 719 462 787 «Non
482 718 620 806 capiunt,
639 736 671 786 et
688 740 786 807 quem
801 741 869 786 non
888 717 1000 786 fallunt
1018 718 1114 786 uerba
1134 717 1185 786 uel
1203 736 1298 801 artes;

352 834 437 903 «Tu
455 858 530 923 rege
550 858 613 916 me,
631 851 677 917 tu,
695 857 807 923 ques0,
825 833 917 916 doce,
935 857 976 901 ne
995 833 1100 902 fallere
1118 833 1223 923 possit

354 949 536 1032 «Callidus,
553 947 673 1017 insidiis
692 950 746 1037 qui
764 971 890 1037 semper
908 948 1028 1030 nititur,
1047 948 1158 1017 hostis.

353 1063 437 1131 «Tu
457 1062 553 1131 michi
572 1063 710 1134 Romani
728 1083 888 1152 sceptrum
907 1081 939 1131 et
957 1062 1102 1131 diadema
1122 1061 1299 1152 gerendum

353 1179 520 1269 «Imperii,
540 1178 612 1247 licet
629 1177 775 1267 indigno,
793 1197 882 1268 pater
899 1178 993 1261 alme,
1012 1177 1144 1247 dedisti:

353 1296 467 1384 «Ergo
485 1313 574 1362 tuere
594 1293 704 1362 datum
718 1318 775 1383 per
792 1313 833 1378 te,
853 1317 975 1383 precor,
994 1295 1126 1384 optime,
1144 1318 1272 1363 munus.

355 1412 436 1478 «Da
453 1411 589 1501 populos
608 1435 754 1500 superare
773 1411 869 1493 feros,
889 1410 928 1479 da
946 1434 1023 1500 pace
1042 1430 1202 1500 sequestra

353 1525 548 1594 «subiectos
566 1549 676 1616 regere
695 1546 727 1595 et
745 1526 852 1614 gladio
873 1526 1019 1595 cohibere
1038 1526 1201 1616 superbos.

254 1707 256 1711 ,
353 1639 484 1720 «Quod
502 1641 528 1708 si
547 1640 628 1710 forte
647 1664 746 1730 negas
765 1659 797 1710 et
814 1664 867 1709 me
887 1665 958 1709 mea
977 1641 1067 1731 culpa
1085 1641 1217 1731 repellit,

218 1776 301 1842 1920
352 1757 445 1838 «Da,
461 1774 560 1846 pater,
579 1757 748 1845 augurium
767 1776 963 1846 uenmraque
981 1757 1044 1824 fata
1061 1756 1167 1825 reuela
1178 1783 1209 1823 ›>.

347 1871 412 1938 Uix
431 1893 467 1938 ea
486 1871 569 1939 fatus
588 1889 664 1954 erat,
683 1895 757 1939 cum
776 1895 842 1940 uox
860 1895 953 1961 super
971 1872 1096 1939 intonat
1113 1872 1244 1960 ingens:

351 2013 367 2049 ιι
379 1986 482 2069 Uade,
501 2010 572 2075 age,
591 2011 631 2056 ne
651 1986 774 2070 dubita3
795 2007 923 2078 ceptum
942 1988 998 2056 tibi
1016 1986 1133 2078 perfice
1153 2011 1291 2056 cursum.

351 2103 442 2169 «Fer
459 2125 582 2192 pacem,
602 2102 779 2185 Frederice,
797 2103 855 2192 piis
874 2102 1055 2192 bellumque
1074 2103 1245 2193 prophanis

351 2216 537 2286 «Gentibus
556 2241 592 2284 ac
610 2218 735 2308 populis
753 2236 785 2286 et
803 2241 941 2307 regnum
960 2218 1090 2287 crimine
1109 2241 1220 2307 purga.

352 2333 468 2401 «Nam
487 2332 547 2399 nisi
565 2332 732 2416 iusticiam,
752 2334 813 2400 nisi
831 2333 941 2423 legum
959 2335 1026 2401 iura
1044 2333 1212 2422 relinquas,

351 2449 421 2515 «Et
438 2448 499 2515 nisi
518 2449 656 2517 consiliis
676 2449 789 2518 ductus
808 2449 930 2517 uicieris
948 2449 1074 2537 iniquis,

350 2561 482 2642 «Quod
501 2564 591 2653 petis,
612 2563 758 2632 aduersas
778 2563 902 2631 dabitur
919 2563 976 2630 tibi
995 2564 1121 2631 uincere
1140 2581 1253 2652 gentes

351 2678 619 2768 «Imperiumque
637 2697 730 2747 tuum
750 2678 857 2747 multis
875 2677 1050 2747 seruabimr
1068 2680 1159 2747 annis
1171 2706 1202 2746 n.
1289 2682 1296 2697 “

347 2794 421 2862 Hoc
439 2795 509 2883 pius
528 2795 662 2884 augurio
683 2795 795 2863 ductor
814 2795 942 2882 gauisus
961 2795 994 2861 in
1013 2818 1116 2863 unum

347 2909 517 2978 Conuocat
534 2910 652 2978 electos
670 2932 850 3000 procerum,
869 2929 1050 2999 secretaque
1069 2910 1211 2999 pandens

346 3023 431 3094 Orat
449 3044 481 3092 et
498 3025 641 3094 hortatur
659 3025 782 3094 celestis
800 3025 884 3093 iussa
901 3043 1010 3093 tenere

345 3141 452 3228 Regis,
472 3159 507 3209 ut
526 3141 566 3209 ad
584 3141 710 3229 patrias,
730 3141 884 3230 superatis
903 3140 1058 3222 hostibus,
1078 3140 1172 3208 horas

344 3255 491 3324 Victores
509 3254 640 3324 redeant
658 3257 855 3345 Liguresque
874 3257 907 3323 in
925 3279 1003 3345 pace
1021 3255 1209 3346 relinquant.

344 3368 497 3449 Quorum
517 3370 660 3454 consilio,
681 3371 804 3459 legatos
824 3394 931 3439 mrsus
950 3371 988 3438 ad
1008 3371 1116 3439 hostes

344 3486 444 3554 Mittit
461 3505 493 3555 et
510 3487 623 3555 inuitat
640 3488 743 3576 posita
760 3487 940 3577 resipiscere
961 3486 1094 3555 tandem

343 3601 472 3669 Duricia
490 3620 521 3670 et
540 3602 660 3691 legum,
678 3624 739 3691 que
758 3621 920 3692 spernunt,
939 3602 1023 3671 iussa
1042 3601 1166 3684 subire;

342 3716 441 3798 Nam,
460 3716 533 3785 licet
550 3717 610 3785 hos
629 3717 709 3785 duro
728 3716 830 3786 ualeat
848 3740 1051 3807 compescere
1071 3715 1167 3798 bello,

342 3831 433 3899 Velle
452 3851 561 3901 tamen
579 3832 686 3922 potius
704 3832 833 3901 ueniam
851 3832 935 3915 dare,
955 3833 981 3900 si
1000 3832 1193 3920 resipiscant.

342 3947 386 4014 At
404 3947 498 4015 solito
517 3947 596 4015 dans
616 3947 711 4016 uerba
729 3946 840 4030 modo,
859 3946 1009 4016 mandata
1027 3946 1158 4034 benigni

180 4125 183 4130 ¹
240 4148 245 4159 '
264 4151 331 4212 1939.
347 4150 403 4198 Cod.
417 4152 494 4198 sollito

212 4352 287 4410 1914.
302 4336 346 4394 Cf.
361 4339 451 4395 Vane.
463 4342 525 4396 Aen.
541 4340 602 4408 XII,
617 4340 678 4398 206.
821 4343 895 4414 193⁸·
912 4341 1078 4415 «Sapientes
1097 4353 1124 4395 et
1141 4339 1234 4412 legum
1249 4338 1325 4412 periti
1344 4355 1402 4410 per·

212 4436 287 4493 1917.
299 4421 388 4477 Vunc.
401 4426 464 4478 Aen.
476 4424 524 4490 XI,
541 4441 568 4493 13
574 4442 597 4494 3.
857 4424 1002 4492 «suadent,
1020 4422 1246 4489 Mediolanenses,
1267 4421 1330 4476 litet
1354 4421 1403 4474 im·

212 4506 286 4576 1918.
303 4505 346 4562 Cf.
361 4506 450 4562 Vero.
467 4510 530 4563 Aen.
546 4508 594 4576 VI,
609 4509 669 4580 853.
857 4508 981 4580 «probos
1000 4518 1026 4560 et
1044 4504 1168 4572 hiemes,
1190 4504 1286 4558 iudicis
1309 4515 1401 4557 tamen

212 4604 286 4661 1920.
299 4590 389 4645 Vnus.
405 4591 650 4664 Aen.11,691,111,
665 4593 709 4664 89,
856 4609 871 4640 r
881 4588 973 4643 officio
991 4605 1039 4660 per
1059 4587 1205 4659 legittimus
1229 4586 1349 4640 Inducias
1368 4586 1403 4640 ci·

211 4689 286 4744 1921.
302 4673 639 4749 Venc.Aen.III,9o,93;
654 4676 789 4733 cf.0v1n.
856 4671 976 4726 «raudus
996 4687 1082 4725 esse...
1103 4669 1187 4735 Quod
1206 4680 1247 4723 est
1264 4666 1366 4723 iactum
1376 4688 1401 4722 u.

243 4755 347 4812 mum.
360 4757 408 4824 III,
422 4757 464 4831 96.
855 4758 1004 4813 Raunwmr
1023 4757 1099 4812 Gesta
1117 4754 1189 4812 Frid.
1202 4754 1250 4822 111,
1266 4754 1337 4826 5²9·
