3300 5796
808 587 1060 643 ANONIMO

480 837 630 904 «Sentiat
649 859 727 925 ergo
746 854 826 918 tuas,
845 835 936 902 miles
954 834 1138 917 fortissime,
1157 837 1240 903 uires

479 950 713 1041 «Afflictusque
733 951 799 1020 luat
818 950 935 1019 bellum
955 949 1094 1018 uoluisse
1114 948 1298 1040 profanum,

479 1092 496 1129 «
508 1068 548 1134 Et
566 1068 605 1133 sit
623 1068 656 1133 in
676 1066 858 1155 exemplum
877 1065 1013 1154 populis,
1032 1088 1073 1132 ne
1092 1061 1198 1132 fallere
1216 1088 1327 1153 regem

479 1210 495 1246 (ι
507 1183 623 1251 Ausint
642 1185 826 1252 Romanurn
846 1205 905 1249 nec
924 1183 1011 1269 regia
1029 1203 1176 1270 spernere
1196 1182 1279 1247 iussa
1295 1207 1326 1247 n.

475 1297 607 1366 Talibus
628 1321 777 1365 accensus
797 1297 887 1364 miles
907 1296 1021 1384 regalis
1040 1297 1071 1362 in
1092 1295 1220 1363 hostem

474 1416 596 1497 fertur,
615 1433 649 1483 ut
668 1416 781 1503 ereptis
801 1413 910 1481 catulis
929 1411 1088 1480 stimulata
1106 1411 1209 1493 leena,

472 1529 550 1615 ,Que
569 1527 643 1598 furit
662 1528 832 1596 aduersum
851 1526 972 1616 gladios
991 1551 1051 1595 nec
1070 1527 1202 1595 uulnera
1220 1545 1317 1594 curat.

474 1646 662 1713 Stemunter
681 1646 774 1734 primi
793 1668 827 1712 se
846 1641 1010 1711 defensare
1029 1642 1187 1725 uolenteS,

473 1764 516 1831 At
535 1762 584 1829 alii
603 1762 731 1851 fugiunt
749 1780 781 1828 et
800 1760 839 1828 ad
859 1760 942 1828 urbis
963 1759 1069 1826 menia
1087 1758 1232 1827 tendunt.

473 1878 620 1964 Vrguent
639 1876 812 1943 Teutonici
831 1875 979 1943 cedentes
997 1895 1087 1963 terga
1105 1872 1264 1961 simulque
1303 1959 1307 1966 ἡ

474 1991 561 2059 Cum
579 1991 699 2080 populo
718 1992 817 2080 portis
835 1990 927 2057 mixti
945 1989 1167 2077 ingrediuntur
1186 1989 1299 2077 apertis

473 2111 512 2176 Et
530 2108 667 2196 spoliant
685 2107 797 2175 urbem
817 2126 942 2195 captam
962 2107 1110 2195 ciuesque
1130 2103 1291 2193 superbos.

474 2221 598 2290 Omnia
617 2222 817 2312 complentur
836 2222 921 2290 luctu
941 2222 1093 2310 uarioque
1111 2219 1266 2301 tumultu;

472 2339 565 2407 Flent
588 2341 702 2407 misere
723 2357 838 2406 matres
856 2340 945 2427 pueri
964 2338 1159 2426 innupteque
1177 2334 1292 2424 puelle,

473 2456 550 2522 Fata
568 2479 661 2522 senes
680 2455 817 2522 nimium
836 2453 893 2520 sibi
913 2476 989 2521 seua
1007 2450 1104 2519 fuisse
1123 2471 1310 2541 queruntur,

474 2569 575 2650 Quod
594 2568 734 2636 uiuendo
753 2569 816 2657 pati
835 2587 961 2636 tantum
980 2591 1125 2636 meruere
1143 2567 1299 2635 dolorem.

472 2684 556 2752 Urbs
575 2684 725 2774 opulenta
744 2685 806 2751 ruit
824 2687 921 2774 captis
941 2683 1090 2773 populata
1110 2683 1244 2765 colonis,

472 2800 640 2889 Spoletum
658 2799 765 2888 spoliis
785 2798 874 2867 diues
892 2799 1045 2888 spoliatur
1062 2799 1190 2887 opimis,

470 2914 527 2982 Nil
545 2915 656 3005 reliqui
675 2916 798 2982 miseris
817 2914 853 2982 fit
872 2913 1008 2996 ciuibus;
1033 2914 1143 2981 omnia
1162 2912 1253 2979 miles

471 3030 591 3119 Regius
611 3049 779 3120 extorquet
797 3048 971 3118 captosque
988 3029 1136 3118 relinquit
1154 3029 1266 3095 inanes

471 3145 592 3235 Spoleti
612 3147 696 3213 ciues
716 3168 811 3214 ausos
831 3164 1058 3234 contempnere
1077 3167 1198 3233 regem.

472 3260 567 3340 Quos
585 3260 640 3329 ubi
658 3285 713 3329 rex
733 3260 824 3328 solita
844 3260 902 3328 sub
921 3260 1062 3328 libertate
1081 3259 1205 3348 reliquit

470 3375 659 3464 Regalisque
679 3376 760 3443 acies
779 3375 887 3464 spoliis
906 3374 1003 3443 ditata
1022 3375 1160 3456 recessit,

469 3491 559 3559 Mors
579 3514 707 3581 quoque
725 3491 922 3582 persequitur
940 3492 1042 3558 uictos
1058 3490 1256 3578 miserosque
1274 3487 1401 3577 fatigat:

470 3608 539 3674 Hec
560 3606 666 3675 multis
686 3608 797 3690 uitam,
816 3631 877 3697 que
896 3607 964 3674 sola
982 3624 1177 3674 remanserat
1195 3604 1266 3687 illis,

469 3722 566 3811 Eripit
585 3741 616 3789 et
635 3742 749 3791 uacuat
767 3722 895 3812 plenam
914 3721 1015 3789 modo
1035 3720 1155 3790 ciuibus
1175 3719 1297 3788 urbem.

386 3929 650 3990 932.1uat]cod.1irat
704 3930 757 3990 935.
773 3930 829 3976 Cod.
845 3927 947 3973 accensis
1001 3940 1060 3988 94⁰·
1075 3928 1131 3974 Cod,
1146 3924 1254 3972 teotonlci
1316 3932 1320 3938 “

332 4134 393 4190 931.
407 4115 449 4172 Cf.
465 4117 555 4172 Vane.
570 4120 635 4173 Aen.
652 4118 686 4183 V,
700 4116 760 4184 466.
976 4116 1048 4170 nella
1067 4117 1148 4189 quale
1166 4117 1194 4170 ln
1213 4126 1344 4171 carattere
1362 4116 1502 4169 teutonico
1516 4131 1531 4168 e

331 4202 421 4273 935·6.
433 4202 523 4256 Vena.
541 4203 605 4257 Aen.
621 4200 668 4271 1x,
682 4203 742 4272 788,
763 4201 853 4271 Georg.
869 4201 915 4267 III,
978 4201 1053 4256 nello
1068 4200 1129 4255 stile
1145 4200 1189 4255 del
1207 4200 1302 4255 secolo
1320 4213 1360 4254 xn
1378 4201 1393 4253 ὲ
1412 4198 1531 4269 sculpito

366 4286 426 4358 236.
978 4287 997 4341 il
1011 4299 1142 4357 seguente
1158 4287 1340 4358 epigramma:

329 4387 390 4444 939·
403 4372 492 4426 VERG·
505 4374 567 4427 Am·
580 4372 627 4440 XI,
643 4373 702 4442 87¹·
942 4398 990 4440 Hoc
1000 4409 1032 4439 est
1041 4397 1149 4453 spoletum
1160 4410 1223 4438 censu
1233 4396 1351 4452 populoque
1361 4393 1470 4451 repletum,

329 4469 391 4526 943·
406 4453 450 4509 Cf.
462 4455 551 4509 Veto.
565 4457 628 4510 Aen.
641 4456 674 4513 ll.
687 4453 747 4522 486.
943 4466 1006 4514 Quod
1016 4465 1128 4507 debellavit
1136 4465 1252 4506 Fridericus
1263 4475 1284 4505 et
1293 4466 1342 4519 igne
1352 4464 1457 4507 cremavit.

328 4553 388 4611 944
402 4539 492 4593 γης,
507 4541 570 4594 ΑΜ,
585 4541 633 4606 VI,
650 4555 708 4610 3⁰7²
725 4539 771 4606 lx,
787 4540 847 4605 484·
942 4534 965 4574 Si
975 4536 1043 4588 queris
1053 4534 1144 4588 quaudo,
1155 4543 1203 4587 post
1213 4543 1293 4587 partum
1303 4532 1395 4586 Virginis
1404 4543 1459 4572 enno

329 4638 389 4695 947·
406 4624 444 4678 Fu
456 4635 562 4679 trovam
572 4627 615 4679 nei
627 4626 744 4680 dintomi
754 4625 780 4678 di
791 4624 914 4696 spoleto,
942 4600 1018 4642 lICLV
1025 4611 1067 4642 tres
1075 4602 1148 4643 novies
1156 4601 1212 4642 solea
1221 4600 1283 4641 iulius
1290 4609 1340 4640 tune
1347 4600 1425 4640 mensis
1432 4597 1529 4638 babebat.

363 4709 484 4763 secondo
501 4709 518 4762 il
532 4710 674 4776 Minervio,
691 4710 787 4782 «apud
801 4721 913 4781 pontem
978 4709 1045 4764 Cosl
1061 4709 1079 4763 il
1099 4708 1191 4774 Snusr,
1212 4708 1296 4762 Storr’a
1314 4707 1352 4762 dal
1371 4705 1485 4762 Canauna
1504 4705 1531 4758 di

363 4795 396 4849 de
407 4795 478 4850 Baro
489 4815 513 4862 a,
524 4812 577 4849 una
586 4795 793 4867 piccolapietra,
804 4795 855 4850 che
865 4812 914 4848 ora
976 4795 1083 4867 Spolelo,
1099 4812 1154 4866 par.
1170 4795 1192 4864 1,
1208 4812 1234 4866 p.
1253 4810 1293 4864 13.

352 4882 385 4934 ,si
408 4897 540 4936 conserva
559 4880 603 4936 nel
622 4880 734 4953 palazzo
760 4879 913 4946 comunale,
941 4895 1002 4950 951.
1017 4878 1059 4933 Cl.
1073 4879 1163 4934 Vane.
1176 4881 1240 4935 Aen.
1256 4877 1331 4944 VIII,
1346 4875 1405 4947 3⁶4
