3300 5796
383 521 425 588 34
554 601 559 610 .
852 515 1104 572 ANON1M0

516 765 608 846 Quin
627 765 740 833 doceat
758 764 917 855 populum
935 764 1069 833 domino
1089 768 1244 835 contraria
1262 791 1356 856 pape.

516 883 577 949 Hic
596 882 691 970 igitur
709 882 777 970 regi
796 880 917 949 delatus
935 904 1022 948 nunc
1042 881 1220 964 frederico,

516 996 623 1066 Iudice
643 995 783 1085 prefecto
802 998 964 1080 Romano,
983 998 1137 1081 uincitur3
1157 997 1246 1066 illum

515 1115 665 1202 Namque
683 1111 771 1180 iubet
788 1130 892 1179 rector
911 1135 1038 1180 causam
1057 1112 1234 1181 discernere
1253 1133 1376 1197 uotam,

516 1228 781 1316 Dampnaturque
800 1249 860 1295 suo
879 1225 991 1295 doctor
1010 1251 1067 1316 pro
1087 1227 1239 1317 dogmate
1259 1228 1385 1298 doctus.

515 1344 571 1411 Set
591 1367 666 1410 cum
684 1341 876 1431 supplicium
894 1341 953 1411 sibi
972 1363 1113 1412 cerneret
1131 1345 1197 1433 ipse
1216 1346 1315 1434 parari

515 1460 554 1526 Et
572 1457 687 1548 laqueo
707 1457 826 1525 collum
844 1458 910 1527 fato
928 1477 1117 1548 properante
1137 1458 1237 1548 ligari,

517 1572 671 1652 Quesitus
690 1595 825 1661 prauum
844 1575 870 1640 si
890 1571 1011 1663 dogma
1028 1573 1204 1664 relinquere
1223 1573 1317 1644 uellet

515 1692 620 1779 Atque
638 1711 712 1756 suas
731 1688 838 1776 culpas
856 1690 1036 1778 sapientum
1057 1712 1147 1757 more
1165 1689 1275 1773 fateri3

517 1803 695 1893 Intrepidus
714 1803 880 1894 fidensque
899 1806 958 1887 sui,
979 1803 1120 1874 mirabile
1139 1804 1237 1888 dictu,

517 1919 694 2008 Respondit
711 1922 876 2010 proprium
895 1920 954 1987 sibi
973 1919 1094 2010 dogma
1111 1920 1235 1989 salubre
1255 1921 1355 1990 uideri

514 2037 586 2106 Nec
605 2035 748 2104 dubitare
768 2059 882 2103 necem
901 2055 1029 2125 propter
1046 2060 1102 2104 sua
1121 2035 1203 2105 dicta
1223 2036 1339 2118 subire,

516 2154 554 2220 lu
573 2152 686 2243 quibus
706 2150 880 2220 absurdum
898 2152 942 2218 nil
962 2170 1044 2221 esset
1063 2152 1171 2242 nilque
1191 2155 1354 2236 uociuum,
1432 2211 1433 2214 ,

518 2267 707 2355 Orandique
726 2290 852 2334 moram
871 2269 960 2357 petiit
978 2290 1036 2357 pro
1056 2287 1202 2358 tempore
1219 2291 1361 2359 paruam,

516 2383 603 2450 Nam
623 2382 752 2450 Christo
772 2381 880 2472 culpas
900 2381 974 2450 dicit
992 2405 1026 2450 se
1045 2382 1126 2450 uelle
1144 2381 1244 2450 fateri.

518 2497 624 2580 Tunc,
644 2496 778 2585 genibus
797 2497 899 2581 flexis,
918 2498 1020 2567 oculis
1039 2498 1248 2587 manibusque
1267 2498 1377 2595 leuatis

518 2611 569 2678 Ad
589 2610 704 2694 celum,
723 2614 857 2701 gemuit,
877 2615 1037 2703 suspirans
1055 2634 1183 2703 pectore
1203 2613 1242 2681 ab
1261 2615 1339 2697 imo,

518 2727 557 2794 Et
574 2728 642 2793 sine
661 2749 742 2794 uoce
762 2729 870 2796 Deum
889 2728 1039 2797 celestem
1057 2748 1165 2797 mente
1184 2731 1319 2818 rogauit,

520 2842 582 2929 Ipsi
602 2841 837 2912 commendans
856 2845 1012 2928 auimam;
1032 2845 1226 2935 paulumque
1244 2864 1397 2927 moratus,
1516 2847 1583 2934 845

518 2955 632 3024 Tradit
651 2956 690 3025 ad
709 2959 873 3027 interitum
893 2983 1018 3049 corpuS,
1037 2961 1170 3030 tolerare
1188 2981 1314 3052 paratus

519 3072 713 3140 Constanter
732 3097 860 3163 penam.
902 3074 1046 3144 lacrimas
1066 3073 1176 3144 fudere
1195 3075 1351 3157 uidentes,

518 3188 659 3256 Lictores
679 3191 779 3256 eciam
799 3191 880 3257 moti
898 3191 1013 3279 pietate
1032 3214 1210 3281 parumper.

519 3302 670 3371 Tandem
688 3328 860 3394 suspensus
880 3305 994 3394 laqueo
1014 3308 1168 3375 retinente
1186 3306 1346 3395 pependit.

520 3417 575 3484 Set
594 3416 732 3486 doluisse
748 3418 840 3489 datur
857 3443 952 3509 super
970 3421 1032 3488 hoc
1050 3443 1106 3489 rex
1124 3444 1197 3488 sero
1216 3423 1374 3489 misertus.
1513 3422 1583 3508 850

438 3652 495 3710 843.
510 3651 566 3697 Cod.
581 3652 659 3710 genuit

383 3878 474 3950 828·9.
490 3898 505 3928 α
556 3879 666 3932 tandem
686 3879 714 3933 in
732 3896 830 3934 manus
849 3898 968 3952 quorun·
1032 3894 1105 3948 «est,
1121 3899 1156 3936 ne
1168 3881 1293 3937 videlicet
1307 3880 1423 3952 populus
1437 3881 1581 3937 Romanus

420 3963 507 4017 edam
531 3964 662 4030 incidens,
687 3966 713 4018 in
734 3964 851 4019 Tusciae
870 3952 968 4020 finibus
1032 3984 1138 4040 «quem
1162 3983 1211 4021 sua
1234 3966 1357 4021 doctrina
1379 3965 1508 4035 illexerat,
1528 3967 1581 4021 sibi

420 4068 434 4098 α
446 4061 547 4120 captus,
566 4049 693 4120 principis
712 4049 830 4103 examini
849 4067 967 4104 reserva·
1031 4073 1046 4102 «
1057 4069 1121 4105 eum
1131 4063 1278 4122 martyrem
1286 4051 1453 4106 dedicaret».
1463 4049 1582 4104 Gaino-

420 4154 434 4183 α
445 4147 487 4188 tus
504 4148 552 4203 est,
571 4147 597 4188 et
615 4135 649 4188 ad
669 4134 794 4189 ultimum
813 4152 828 4188 a
847 4133 967 4206 prefecto
1030 4149 1084 4188 nus
1095 4135 1224 4188 Rnrcnsn.
1235 4133 1287 4189 loc.
1298 4135 1341 4189 cit
1368 4132 1581 4199 Ecoslancora,

419 4218 524 4271 «Urbis
534 4218 610 4290 ligno
624 4218 733 4273 adactus
744 4236 784 4285 ac,
793 4236 862 4290 rogo
873 4221 899 4273 in
909 4219 967 4290 pul·
1030 4235 1083 4273 con
1102 4219 1127 4272 la
1147 4219 1226 4273 solita
1250 4235 1300 4273 sua
1322 4218 1433 4282 brevite,
1457 4215 1581 4272 Gom.

419 4320 433 4349 n
444 4317 535 4354 vetem
549 4301 658 4355 redacto
671 4299 773 4367 sunere,
787 4319 821 4355 ne
835 4318 850 4354 a
863 4299 967 4355 furente
1029 4302 1144 4357 Virmn.
1167 4322 1191 4356 v.
1210 4317 1271 4370 141:

418 4384 520 4455 «plebe
540 4403 637 4457 corpus
657 4387 714 4440 eius
734 4387 900 4441 venerationi
919 4385 966 4440 ha-

418 4488 432 4516 «
444 4469 556 4535 berctus,
570 4469 596 4522 in
607 4468 738 4540 Tyberim
751 4486 860 4540 sparsus
871 4489 894 4526 a.
907 4470 966 4525 Οτ·

416 4568 484 4607 ron.
505 4553 578 4608 Gesta
597 4554 667 4607 Frid.
687 4555 721 4621 ΙΙ,
740 4555 810 4625 528.
848 4555 964 4611 «...Su-
994 4554 1052 4625 832.
1067 4553 1111 4610 Cl.
1125 4555 1211 4610 Ovm.
1226 4558 1285 4611 Mel.
1300 4558 1333 4622 11,
1348 4555 1408 4629 619.

416 4656 430 4685 α
440 4636 553 4707 spendio
573 4638 632 4691 neci
646 4638 765 4706 traditus,
777 4641 842 4710 quin
859 4651 885 4693 et
903 4651 964 4709 post
992 4641 1052 4706 842.
1066 4639 1108 4693 Cf.
1125 4640 1213 4695 Vana.
1227 4644 1290 4696 Aen.
1304 4640 1337 4710 ΙΙ,
1350 4658 1410 4711 405.

416 4743 430 4772 «
442 4733 558 4777 mortem
577 4723 703 4777 incendio
718 4736 908 4779 concrematus
926 4736 963 4777 at·
992 4723 1051 4793 843.
1066 4723 1152 4779 Ovm.
1169 4727 1230 4780 Mel.
1243 4724 1277 4791 11,
1293 4724 1323 4791 65
1329 4724 1381 4793 5-6.

415 4821 492 4876 nque
508 4806 535 4860 in
550 4805 681 4877 Tyberim
697 4805 810 4861 fluvium
825 4806 962 4878 proiectus
990 4809 1050 4876 850.
1067 4807 1109 4863 Cf.
1127 4808 1215 4864 Ovm.
1231 4811 1291 4865 Mal.
1308 4809 1344 4876 ΙΙ,
1359 4809 1420 4866 612.

1015 4431 1134 4488 Snmgulrt
1143 4433 1198 4476 bunc
1208 4434 1301 4490 laquem,
1311 4436 1367 4490 ignia
1376 4445 1397 4476 ct
1406 4435 1461 4476 und·
1470 4432 1556 4475 vebum.
