3300 5796
487 509 612 565 GESTA
639 511 678 565 DI
706 511 894 566 FEDERICO
923 513 946 568 1.

254 757 441 847 Spoletum:
461 758 536 826 urbs
554 759 718 847 opulenta,
737 762 811 827 uiris
829 760 1007 850 opibusque
1025 761 1149 830 referta.

255 877 368 942 fertur
385 877 472 943 enim
491 874 603 942 falsam
621 878 689 965 regi
707 876 854 944 tribuisse
872 898 1052 960 monetam,

255 992 371 1061 Debita
387 1003 447 1060 sub
467 992 549 1082 turpi
567 993 753 1081 persoluens
772 993 882 1061 fraude
900 994 1035 1076 tributa3

255 1107 346 1188 Quin
366 1110 464 1175 etiam
484 1110 636 1176 comitem
656 1109 804 1176 Tuscum
822 1110 973 1198 spoliasse
991 1108 1191 1190 Guidooem,

258 1227 345 1291 Dum
364 1227 507 1313 sequitur
522 1227 605 1312 regis
625 1249 718 1314 passu
737 1225 870 1312 uestigia
888 1226 991 1313 segni.

258 1341 328 1406 Hec
346 1339 412 1406 duo
431 1338 564 1427 Spoleto
583 1339 731 1407 dicuntur
749 1341 851 1429 prima
869 1342 961 1408 ruine

140 1544 145 1551 Ι
258 1454 364 1521 Causa
383 1453 480 1521 fuisse
499 1456 615 1542 grauis.
661 1479 738 1522 nam
757 1479 813 1522 rex
832 1480 926 1544 super
945 1456 993 1522 his
1012 1455 1208 1538 Fredericus,

258 1569 419 1637 Turbatus
438 1572 587 1652 nimium,
605 1570 729 1658 Spoleti
746 1569 878 1638 mandat
896 1571 936 1638 ad
954 1570 1067 1639 urbem

257 1687 296 1752 Et
315 1685 402 1752 iubet
421 1706 457 1753 ut
475 1689 606 1753 ueniant
623 1705 762 1753 rectores
781 1685 866 1753 urbis
885 1685 925 1753 ad
943 1689 1059 1776 ipsum,

258 1802 345 1867 Scire
364 1801 488 1874 uolens.
506 1824 603 1890 quare
623 1802 745 1890 Spoleti
763 1802 836 1869 talia
854 1804 940 1869 ciues

259 1918 422 2004 Egissent3
443 1941 483 1983 an
501 1915 611 1984 fraude
630 1917 731 1985 uelint
748 1941 856 2006 parere
874 1937 999 1985 remota

260 2031 419 2100 blandatis
439 2032 562 2100 domini
581 2035 707 2100 ueniam
727 2034 846 2101 donare
866 2036 974 2124 parati.

258 2150 301 2214 At
320 2148 494 2237 Spoletini,
515 2168 694 2217 metuentes
713 2149 822 2217 fraude
841 2169 977 2239 peracta,

259 2265 394 2352 Semper
412 2266 499 2331 enim
518 2264 652 2354 trepidat
670 2268 794 2355 proprie
814 2290 906 2333 mens
926 2268 1052 2333 conscia
1072 2266 1172 2356 culpe¹

261 2381 304 2446 Se
323 2380 488 2446 retrahunt
505 2400 538 2447 et
556 2381 640 2448 adire
660 2400 779 2469 negant
798 2383 916 2470 regalia
933 2402 1044 2463 castra,
1133 2405 1144 2416 ·

262 2495 499 2583 Imperiumque
518 2494 607 2562 ducis
625 2498 745 2585 spernit
763 2520 844 2584 gens
863 2496 958 2564 stulta
976 2496 1117 2585 benigni.

262 2613 357 2699 Erg0,
377 2610 488 2678 uidens
507 2632 649 2700 spretum
668 2636 713 2694 se,
733 2637 788 2680 rex
808 2613 973 2681 contendit
991 2613 1031 2680 ad
1050 2613 1162 2680 urbem

261 2727 393 2814 Spoleti,
413 2747 561 2816 reputans
580 2748 734 2796 uenturos
752 2729 835 2796 illico
855 2731 940 2797 ciues

262 2845 336 2910 Eius
356 2844 389 2910 in
408 2867 577 2910 occursum
594 2867 707 2933 pacem
726 2846 918 2934 ueniamque
937 2866 1099 2935 petentest

264 2957 364 3037 Quod
384 2959 411 3025 si
429 2956 589 3041 fecissent,
607 2982 720 3048 pacem
739 2961 931 3049 ueniamque
951 2959 1099 3028 dedisset.

262 3075 306 3139 At
324 3074 517 3162 Spoletinus
535 3075 630 3141 nimis
650 3073 753 3142 audax
772 3095 866 3164 atque
885 3075 1039 3164 superbus

264 3187 349 3254 Bella
366 3208 454 3277 parat
471 3191 619 3278 populus,
638 3189 789 3279 clarisque
809 3192 978 3259 instructus
998 3195 1030 3259 in
1051 3193 1158 3274 armis,

264 3303 413 3372 Menibus
432 3304 602 3393 egreditur,
621 3305 686 3373 fato
705 3306 888 3395 impellente
908 3307 1063 3395 maligno,

264 3420 306 3487 Se
324 3440 409 3487 ratus
429 3422 584 3489 inuictum
603 3423 636 3488 ui
654 3446 748 3510 posse
767 3422 917 3512 repellere
935 3447 1057 3512 regern.

265 3535 320 3601 llle
339 3536 393 3602 nbi
413 3537 579 3624 conspexit
597 3536 752 3626 populum
772 3557 889 3606 certare
907 3558 1064 3627 paratum,

265 3650 453 3739 Indignatus
472 3653 531 3719 ait:
556 3676 743 3741 «proceres,
761 3677 801 3720 en
821 3677 930 3742 pugna
947 3673 1073 3742 paratur

269 3793 285 3827 «
298 3768 337 3833 In
357 3790 470 3855 campo
490 3766 593 3848 nobis,
612 3791 693 3856 opus
712 3789 760 3836 est
778 3792 864 3835 nnnc
884 3768 1003 3836 uiribus
1022 3769 1077 3836 uti.

271 3883 370 3950 «Nos
389 3906 493 3951 arcere
512 3904 599 3972 parat
618 3883 701 3951 bello
719 3884 830 3972 procul
849 3883 926 3952 urbe
944 3884 1099 3975 superbus

271 3997 421 4086 «Spoleti
438 3998 588 4088 populus,
605 4002 752 4088 sumptis,
771 4019 806 4068 ut
825 4002 962 4083 cemitis‚
980 4002 1088 4082 armis,

17 4134 20 4138 ’
134 4136 198 4200 930
270 4140 287 4176 «
298 4115 370 4182 Nec
388 4116 544 4204 spreuisse
563 4117 655 4183 timet
673 4116 778 4184 fatuus
796 4139 857 4184 nos
876 4136 1046 4205 nostraque
1065 4117 1141 4184 iura.

187 4359 243 4406 905·
258 4347 329 4404 Dum]
343 4349 415 4404 quasi
428 4346 542 4405 allegatae
556 4347 594 4395 nel
607 4349 663 4395 cod.
719 4362 770 4409 9²¹·
786 4349 852 4394 nimis
861 4350 900 4396 nel
909 4349 965 4396 Cod.
975 4349 1135 4395 immoene
1147 4348 1214 4396 volte.

135 4563 195 4620 904.
213 4548 367 4618 Guidomm]
384 4570 399 4599 «
413 4549 578 4603 Gwidonem
591 4552 721 4605 comitem
747 4567 808 4622 911.
822 4550 865 4605 Cf.
877 4551 967 4605 Veto.
981 4549 1038 4606 Cul.
1052 4566 1094 4623 73.

173 4656 187 4684 α
197 4647 383 4703 cognomento
393 4636 536 4701 Guerram,
546 4638 615 4690 inter
623 4654 720 4690 omnes
748 4651 809 4706 914.
823 4633 867 4690 Cl.
880 4635 969 4690 Veto.
982 4637 1047 4690 Aen.
1059 4633 1082 4700 l,
1095 4633 1156 4702 604.

173 4719 317 4774 «Tusciae
335 4737 460 4792 proceres
480 4721 689 4792 opulentiorem.
705 4741 720 4771 a
748 4735 808 4790 925.
822 4719 912 4775 Vetto.
924 4721 989 4774 Aen.
1001 4720 1036 4785 V,
1048 4719 1107 4774 108.

173 4804 289 4859 Orion.
304 4804 379 4860 Gesta
393 4805 466 4860 frid.
477 4805 511 4870 11,
527 4805 542 4875 §
559 4821 600 4875 35.
748 4820 808 4877 927·
822 4806 911 4861 Vetto.
927 4806 992 4863 Aen.
1006 4804 1081 4871 VIII,
1093 4820 1154 4872 441.
