<?xml version="1.0" encoding="UTF-8"?>
<!DOCTYPE html PUBLIC "-//W3C//DTD XHTML 1.0 Transitional//EN"
    "http://www.w3.org/TR/xhtml1/DTD/xhtml1-transitional.dtd">
<html xmlns="http://www.w3.org/1999/xhtml" xml:lang="en" lang="en">
 <head>
  <title>
</title>
<meta http-equiv="Content-Type" content="text/html;charset=utf-8" />
  <meta name='ocr-system' content='tesseract 3.04.00' />
  <meta name='ocr-capabilities' content='ocr_page ocr_carea ocr_par ocr_line ocrx_word'/>
</head>
<body>
  <div class='ocr_page' id='page_1' title='image "./gestadifederico00monagoog_0155.png"; bbox 0 0 3436 5754; ppageno 0'>
   <div class='ocr_carea' id='block_1_1' title="bbox 457 430 914 488">
    <p class='ocr_par' dir='ltr' id='par_1_1' title="bbox 457 430 914 488">
     <span class='ocr_line' id='line_1_1' title="bbox 457 430 914 488; baseline -0.004 -1"><span class='ocrx_word' id='word_1_1' title='bbox 457 430 584 488; x_wconf 78' lang='lat' dir='ltr'>GESTA</span> <span class='ocrx_word' id='word_1_2' title='bbox 609 432 649 486; x_wconf 90' lang='lat' dir='ltr'><strong>DI</strong></span> <span class='ocrx_word' id='word_1_3' title='bbox 676 430 865 486; x_wconf 84' lang='lat' dir='ltr'>FEDERICO</span> <span class='ocrx_word' id='word_1_4' title='bbox 894 431 914 485; x_wconf 93' lang='lat'><strong>1.</strong></span> 
     </span>
    </p>
   </div>
   <div class='ocr_carea' id='block_1_2' title="bbox 91 677 1157 3655">
    <p class='ocr_par' dir='ltr' id='par_1_2' title="bbox 222 677 1142 883">
     <span class='ocr_line' id='line_1_2' title="bbox 222 677 925 748; baseline -0.006 0"><span class='ocrx_word' id='word_1_5' title='bbox 222 682 262 748; x_wconf 89' lang='lat' dir='ltr'><strong>Et</strong></span> <span class='ocrx_word' id='word_1_6' title='bbox 280 678 388 747; x_wconf 88' lang='lat' dir='ltr'><strong>fulcire</strong></span> <span class='ocrx_word' id='word_1_7' title='bbox 408 678 560 747; x_wconf 89' lang='lat' dir='ltr'><strong>Cremam</strong></span> <span class='ocrx_word' id='word_1_8' title='bbox 580 677 700 746; x_wconf 91' lang='lat' dir='ltr'><strong>collatis</strong></span> <span class='ocrx_word' id='word_1_9' title='bbox 719 678 838 746; x_wconf 89' lang='lat' dir='ltr'><strong>uiribus</strong></span> <span class='ocrx_word' id='word_1_10' title='bbox 855 677 925 745; x_wconf 91' lang='lat' dir='ltr'><strong>illos</strong></span> 
     </span>
     <span class='ocr_line' id='line_1_3' title="bbox 223 793 1142 883; baseline -0.002 -21"><span class='ocrx_word' id='word_1_11' title='bbox 223 796 387 862; x_wconf 88' lang='lat' dir='ltr'>Hortatur.</span> <span class='ocrx_word' id='word_1_12' title='bbox 434 812 545 861; x_wconf 93' lang='lat' dir='ltr'><strong>mouet</strong></span> <span class='ocrx_word' id='word_1_13' title='bbox 563 794 630 883; x_wconf 87' lang='lat' dir='ltr'><strong>ipsa</strong></span> <span class='ocrx_word' id='word_1_14' title='bbox 649 793 734 861; x_wconf 89' lang='lat' dir='ltr'><strong>uiros</strong></span> <span class='ocrx_word' id='word_1_15' title='bbox 754 812 848 883; x_wconf 89' lang='lat' dir='ltr'><strong>atque</strong></span> <span class='ocrx_word' id='word_1_16' title='bbox 867 816 955 861; x_wconf 85' lang='lat' dir='ltr'><strong>arma</strong></span> <span class='ocrx_word' id='word_1_17' title='bbox 975 794 1142 861; x_wconf 84' lang='lat' dir='ltr'><strong>ministrat.</strong></span> 
     </span>
    </p>

    <p class='ocr_par' dir='ltr' id='par_1_3' title="bbox 91 907 1050 1233">
     <span class='ocr_line' id='line_1_4' title="bbox 91 907 1009 1001; baseline -0.007 -20"><span class='ocrx_word' id='word_1_18' title='bbox 91 934 175 1001; x_wconf 84' lang='lat'><em>2905</em></span> <span class='ocrx_word' id='word_1_19' title='bbox 222 913 273 979; x_wconf 88' lang='lat' dir='ltr'><strong>Ire</strong></span> <span class='ocrx_word' id='word_1_20' title='bbox 291 911 377 979; x_wconf 91' lang='lat' dir='ltr'><strong>iubet</strong></span> <span class='ocrx_word' id='word_1_21' title='bbox 394 910 523 1000; x_wconf 85' lang='lat' dir='ltr'>plenam</span> <span class='ocrx_word' id='word_1_22' title='bbox 541 933 621 999; x_wconf 87' lang='lat' dir='ltr'><strong>gens</strong></span> <span class='ocrx_word' id='word_1_23' title='bbox 640 907 824 976; x_wconf 88' lang='lat' dir='ltr'><strong>Mediolana</strong></span> <span class='ocrx_word' id='word_1_24' title='bbox 842 909 1009 977; x_wconf 90' lang='lat' dir='ltr'><strong>cohortem</strong></span> 
     </span>
     <span class='ocr_line' id='line_1_5' title="bbox 223 1025 1050 1114; baseline -0.005 -19"><span class='ocrx_word' id='word_1_25' title='bbox 223 1026 371 1095; x_wconf 88' lang='lat' dir='ltr'><strong>Subsidio</strong></span> <span class='ocrx_word' id='word_1_26' title='bbox 388 1027 493 1108; x_wconf 90' lang='lat' dir='ltr'><strong>sociis,</strong></span> <span class='ocrx_word' id='word_1_27' title='bbox 513 1027 609 1094; x_wconf 92' lang='lat' dir='ltr'><strong>mittit</strong></span> <span class='ocrx_word' id='word_1_28' title='bbox 628 1048 757 1114; x_wconf 93' lang='lat' dir='ltr'><strong>quoque</strong></span> <span class='ocrx_word' id='word_1_29' title='bbox 776 1025 881 1092; x_wconf 81' lang='lat' dir='ltr'>Brixia</span> <span class='ocrx_word' id='word_1_30' title='bbox 899 1042 1050 1106; x_wconf 89' lang='lat' dir='ltr'><strong>turmam,</strong></span> 
     </span>
     <span class='ocr_line' id='line_1_6' title="bbox 224 1138 995 1233; baseline -0.006 -22"><span class='ocrx_word' id='word_1_31' title='bbox 224 1145 346 1233; x_wconf 87' lang='lat' dir='ltr'><strong>Sponte</strong></span> <span class='ocrx_word' id='word_1_32' title='bbox 364 1165 422 1209; x_wconf 90' lang='lat' dir='ltr'><strong>sua</strong></span> <span class='ocrx_word' id='word_1_33' title='bbox 441 1143 533 1210; x_wconf 89' lang='lat' dir='ltr'><strong>multi</strong></span> <span class='ocrx_word' id='word_1_34' title='bbox 552 1143 717 1230; x_wconf 90' lang='lat' dir='ltr'><strong>cupientes</strong></span> <span class='ocrx_word' id='word_1_35' title='bbox 736 1138 817 1208; x_wconf 85' lang='lat' dir='ltr'><strong>bella</strong></span> <span class='ocrx_word' id='word_1_36' title='bbox 835 1158 995 1208; x_wconf 86' lang='lat' dir='ltr'><strong>secuntur.</strong></span> 
     </span>
    </p>

    <p class='ocr_par' dir='ltr' id='par_1_4' title="bbox 224 1255 1157 1462">
     <span class='ocr_line' id='line_1_7' title="bbox 225 1255 1157 1347; baseline -0.005 -19"><span class='ocrx_word' id='word_1_37' title='bbox 225 1258 321 1339; x_wconf 89' lang='lat' dir='ltr'><strong>Quos</strong></span> <span class='ocrx_word' id='word_1_38' title='bbox 339 1258 393 1326; x_wconf 91' lang='lat' dir='ltr'><strong>ubi</strong></span> <span class='ocrx_word' id='word_1_39' title='bbox 412 1281 489 1326; x_wconf 88' lang='lat' dir='ltr'><strong>seua</strong></span> <span class='ocrx_word' id='word_1_40' title='bbox 508 1258 661 1326; x_wconf 88' lang='lat' dir='ltr'><strong>Cremam</strong></span> <span class='ocrx_word' id='word_1_41' title='bbox 680 1274 886 1347; x_wconf 88' lang='lat' dir='ltr'><strong>properanter</strong></span> <span class='ocrx_word' id='word_1_42' title='bbox 904 1255 1010 1345; x_wconf 89' lang='lat' dir='ltr'><strong>adegit</strong></span> <span class='ocrx_word' id='word_1_43' title='bbox 1029 1255 1157 1337; x_wconf 89' lang='lat' dir='ltr'><strong>herinis,</strong></span> 
     </span>
     <span class='ocr_line' id='line_1_8' title="bbox 224 1370 1025 1462; baseline -0.005 -19"><span class='ocrx_word' id='word_1_44' title='bbox 224 1376 302 1443; x_wconf 91' lang='lat' dir='ltr'><strong>Leta</strong></span> <span class='ocrx_word' id='word_1_45' title='bbox 320 1373 422 1455; x_wconf 90' lang='lat' dir='ltr'><strong>malis,</strong></span> <span class='ocrx_word' id='word_1_46' title='bbox 441 1371 572 1441; x_wconf 92' lang='lat' dir='ltr'><strong>tandem</strong></span> <span class='ocrx_word' id='word_1_47' title='bbox 591 1375 712 1462; x_wconf 89' lang='lat' dir='ltr'><strong>superis</strong></span> <span class='ocrx_word' id='word_1_48' title='bbox 731 1370 862 1440; x_wconf 89' lang='lat' dir='ltr'><strong>discedit</strong></span> <span class='ocrx_word' id='word_1_49' title='bbox 881 1370 919 1439; x_wconf 92' lang='lat' dir='ltr'><strong>ab</strong></span> <span class='ocrx_word' id='word_1_50' title='bbox 939 1372 1025 1439; x_wconf 87' lang='lat' dir='ltr'><strong>horis</strong></span> 
     </span>
    </p>

    <p class='ocr_par' dir='ltr' id='par_1_5' title="bbox 93 1485 1067 2032">
     <span class='ocr_line' id='line_1_9' title="bbox 93 1485 1027 1580; baseline -0.006 -21"><span class='ocrx_word' id='word_1_51' title='bbox 93 1512 180 1580; x_wconf 86' lang='lat'><em>2910</em></span> <span class='ocrx_word' id='word_1_52' title='bbox 225 1493 265 1559; x_wconf 90' lang='lat' dir='ltr'><strong>Et</strong></span> <span class='ocrx_word' id='word_1_53' title='bbox 282 1514 317 1558; x_wconf 94' lang='lat' dir='ltr'><strong>se</strong></span> <span class='ocrx_word' id='word_1_54' title='bbox 336 1490 509 1571; x_wconf 88' lang='lat' dir='ltr'><strong>Tartareis,</strong></span> <span class='ocrx_word' id='word_1_55' title='bbox 527 1487 612 1558; x_wconf 90' lang='lat' dir='ltr'><strong>unde</strong></span> <span class='ocrx_word' id='word_1_56' title='bbox 631 1506 679 1556; x_wconf 90' lang='lat' dir='ltr'><strong>est</strong></span> <span class='ocrx_word' id='word_1_57' title='bbox 697 1511 835 1576; x_wconf 87' lang='lat' dir='ltr'><strong>egressa,</strong></span> <span class='ocrx_word' id='word_1_58' title='bbox 853 1485 911 1555; x_wconf 92' lang='lat' dir='ltr'><strong>sub</strong></span> <span class='ocrx_word' id='word_1_59' title='bbox 932 1488 1027 1554; x_wconf 86' lang='lat' dir='ltr'><strong>antris</strong></span> 
     </span>
     <span class='ocr_line' id='line_1_10' title="bbox 225 1601 1046 1693; baseline -0.005 -19"><span class='ocrx_word' id='word_1_60' title='bbox 225 1604 355 1674; x_wconf 89' lang='lat' dir='ltr'><strong>Condit.</strong></span> <span class='ocrx_word' id='word_1_61' title='bbox 402 1623 433 1672; x_wconf 92' lang='lat' dir='ltr'><strong>at</strong></span> <span class='ocrx_word' id='word_1_62' title='bbox 452 1605 585 1693; x_wconf 89' lang='lat' dir='ltr'><strong>imperio</strong></span> <span class='ocrx_word' id='word_1_63' title='bbox 605 1604 762 1672; x_wconf 87' lang='lat' dir='ltr'><strong>Frederici</strong></span> <span class='ocrx_word' id='word_1_64' title='bbox 782 1601 864 1670; x_wconf 88' lang='lat' dir='ltr'><strong>clara</strong></span> <span class='ocrx_word' id='word_1_65' title='bbox 883 1602 1046 1670; x_wconf 89' lang='lat' dir='ltr'><strong>Cremone</strong></span> 
     </span>
     <span class='ocr_line' id='line_1_11' title="bbox 225 1719 975 1809; baseline -0.005 -20"><span class='ocrx_word' id='word_1_66' title='bbox 225 1722 314 1790; x_wconf 87' lang='lat' dir='ltr'><strong>Gens</strong></span> <span class='ocrx_word' id='word_1_67' title='bbox 334 1721 435 1789; x_wconf 85' lang='lat' dir='ltr'><strong>inuisa</strong></span> <span class='ocrx_word' id='word_1_68' title='bbox 453 1719 510 1786; x_wconf 91' lang='lat' dir='ltr'><strong>sibi</strong></span> <span class='ocrx_word' id='word_1_69' title='bbox 529 1720 639 1809; x_wconf 86' lang='lat' dir='ltr'><strong>positis</strong></span> <span class='ocrx_word' id='word_1_70' title='bbox 659 1720 722 1786; x_wconf 89' lang='lat' dir='ltr'><strong>iarn</strong></span> <span class='ocrx_word' id='word_1_71' title='bbox 742 1719 849 1786; x_wconf 89' lang='lat' dir='ltr'><strong>menia</strong></span> <span class='ocrx_word' id='word_1_72' title='bbox 868 1719 975 1786; x_wconf 88' lang='lat' dir='ltr'><strong>castris</strong></span> 
     </span>
     <span class='ocr_line' id='line_1_12' title="bbox 227 1833 1067 1923; baseline -0.004 -19"><span class='ocrx_word' id='word_1_73' title='bbox 227 1835 364 1904; x_wconf 94' lang='lat' dir='ltr'><strong>Obsidet</strong></span> <span class='ocrx_word' id='word_1_74' title='bbox 383 1835 537 1917; x_wconf 84' lang='lat' dir='ltr'><strong>exultans,</strong></span> <span class='ocrx_word' id='word_1_75' title='bbox 558 1859 632 1903; x_wconf 92' lang='lat' dir='ltr'><strong>cum</strong></span> <span class='ocrx_word' id='word_1_76' title='bbox 650 1858 712 1923; x_wconf 88' lang='lat' dir='ltr'><strong>qua</strong></span> <span class='ocrx_word' id='word_1_77' title='bbox 731 1857 840 1901; x_wconf 89' lang='lat' dir='ltr'><strong>comes</strong></span> <span class='ocrx_word' id='word_1_78' title='bbox 859 1833 995 1917; x_wconf 90' lang='lat' dir='ltr'><strong>inclitus,</strong></span> <span class='ocrx_word' id='word_1_79' title='bbox 1015 1833 1067 1901; x_wconf 89' lang='lat' dir='ltr'><strong>alti</strong></span> 
     </span>
     <span class='ocr_line' id='line_1_13' title="bbox 224 1948 930 2032; baseline -0.004 -13"><span class='ocrx_word' id='word_1_80' title='bbox 224 1951 375 2020; x_wconf 90' lang='lat' dir='ltr'><strong>Ductoris</strong></span> <span class='ocrx_word' id='word_1_81' title='bbox 393 1948 498 2032; x_wconf 87' lang='lat' dir='ltr'><strong>frater,</strong></span> <span class='ocrx_word' id='word_1_82' title='bbox 520 1948 689 2018; x_wconf 84' lang='lat' dir='ltr'><strong>Conradus</strong></span> <span class='ocrx_word' id='word_1_83' title='bbox 708 1949 827 2018; x_wconf 89' lang='lat' dir='ltr'><strong>uiribus</strong></span> <span class='ocrx_word' id='word_1_84' title='bbox 848 1972 930 2031; x_wconf 88' lang='lat' dir='ltr'><strong>acer,</strong></span> 
     </span>
    </p>

    <p class='ocr_par' dir='ltr' id='par_1_6' title="bbox 94 2064 1140 2615">
     <span class='ocr_line' id='line_1_14' title="bbox 94 2064 1042 2155; baseline -0.002 -21"><span class='ocrx_word' id='word_1_85' title='bbox 94 2089 153 2155; x_wconf 89' lang='lat'><strong>291</strong></span> <span class='ocrx_word' id='word_1_86' title='bbox 160 2089 177 2154; x_wconf 72' lang='grc' dir='ltr'><strong><em>ς</em></strong></span> <span class='ocrx_word' id='word_1_87' title='bbox 225 2067 366 2155; x_wconf 83' lang='lat' dir='ltr'><strong>Agmine</strong></span> <span class='ocrx_word' id='word_1_88' title='bbox 384 2065 520 2135; x_wconf 86' lang='lat' dir='ltr'><strong>uallatus</strong></span> <span class='ocrx_word' id='word_1_89' title='bbox 538 2064 682 2155; x_wconf 92' lang='lat' dir='ltr'><strong>pulchro,</strong></span> <span class='ocrx_word' id='word_1_90' title='bbox 701 2065 770 2132; x_wconf 90' lang='lat' dir='ltr'><strong>loca</strong></span> <span class='ocrx_word' id='word_1_91' title='bbox 788 2066 933 2153; x_wconf 87' lang='lat' dir='ltr'><strong>proxima</strong></span> <span class='ocrx_word' id='word_1_92' title='bbox 952 2083 1042 2153; x_wconf 89' lang='lat' dir='ltr'><strong>porte</strong></span> 
     </span>
     <span class='ocr_line' id='line_1_15' title="bbox 226 2178 1054 2272; baseline -0.005 -22"><span class='ocrx_word' id='word_1_93' title='bbox 226 2181 374 2272; x_wconf 87' lang='lat' dir='ltr'><strong>Occupat</strong></span> <span class='ocrx_word' id='word_1_94' title='bbox 393 2180 535 2250; x_wconf 83' lang='lat' dir='ltr'><strong>occidue.</strong></span> <span class='ocrx_word' id='word_1_95' title='bbox 581 2181 646 2248; x_wconf 89' lang='lat' dir='ltr'><strong>iam</strong></span> <span class='ocrx_word' id='word_1_96' title='bbox 665 2178 748 2247; x_wconf 91' lang='lat' dir='ltr'><strong>bello</strong></span> <span class='ocrx_word' id='word_1_97' title='bbox 767 2179 868 2248; x_wconf 85' lang='lat' dir='ltr'><strong>multa</strong></span> <span class='ocrx_word' id='word_1_98' title='bbox 886 2203 942 2269; x_wconf 87' lang='lat' dir='ltr'><strong>per</strong></span> <span class='ocrx_word' id='word_1_99' title='bbox 961 2202 1054 2268; x_wconf 86' lang='lat' dir='ltr'><strong>agros</strong></span> 
     </span>
     <span class='ocr_line' id='line_1_16' title="bbox 227 2293 1140 2386; baseline -0.003 -21"><span class='ocrx_word' id='word_1_100' title='bbox 227 2298 371 2386; x_wconf 92' lang='lat' dir='ltr'><strong>Corpora</strong></span> <span class='ocrx_word' id='word_1_101' title='bbox 390 2321 462 2365; x_wconf 87' lang='lat' dir='ltr'><strong>cesa</strong></span> <span class='ocrx_word' id='word_1_102' title='bbox 479 2298 591 2364; x_wconf 86' lang='lat' dir='ltr'><strong>iacent.</strong></span> <span class='ocrx_word' id='word_1_103' title='bbox 632 2319 748 2384; x_wconf 89' lang='lat' dir='ltr'><strong>nempe</strong></span> <span class='ocrx_word' id='word_1_104' title='bbox 768 2313 803 2364; x_wconf 93' lang='lat' dir='ltr'><strong>ut</strong></span> <span class='ocrx_word' id='word_1_105' title='bbox 820 2293 928 2363; x_wconf 89' lang='lat' dir='ltr'><strong>uidere</strong></span> <span class='ocrx_word' id='word_1_106' title='bbox 949 2295 1140 2363; x_wconf 90' lang='lat' dir='ltr'><strong>Cremenses</strong></span> 
     </span>
     <span class='ocr_line' id='line_1_17' title="bbox 228 2413 971 2503; baseline -0.004 -21"><span class='ocrx_word' id='word_1_107' title='bbox 228 2413 369 2482; x_wconf 87' lang='lat' dir='ltr'><strong>Hostiles</strong></span> <span class='ocrx_word' id='word_1_108' title='bbox 388 2415 527 2503; x_wconf 91' lang='lat' dir='ltr'><strong>primum</strong></span> <span class='ocrx_word' id='word_1_109' title='bbox 548 2414 705 2480; x_wconf 89' lang='lat' dir='ltr'><strong>cincturas</strong></span> <span class='ocrx_word' id='word_1_110' title='bbox 725 2413 831 2479; x_wconf 85' lang='lat' dir='ltr'><strong>menia</strong></span> <span class='ocrx_word' id='word_1_111' title='bbox 849 2431 971 2479; x_wconf 89' lang='lat' dir='ltr'><strong>turmas</strong></span> 
     </span>
     <span class='ocr_line' id='line_1_18' title="bbox 227 2526 984 2615; baseline -0.005 -19"><span class='ocrx_word' id='word_1_112' title='bbox 227 2526 419 2606; x_wconf 82' lang='lat' dir='ltr'><strong>Aduentare,</strong></span> <span class='ocrx_word' id='word_1_113' title='bbox 440 2546 535 2595; x_wconf 91' lang='lat' dir='ltr'><strong>ruunt</strong></span> <span class='ocrx_word' id='word_1_114' title='bbox 554 2528 687 2615; x_wconf 91' lang='lat' dir='ltr'><strong>sumptis</strong></span> <span class='ocrx_word' id='word_1_115' title='bbox 707 2526 855 2595; x_wconf 85' lang='lat' dir='ltr'><strong>audacius</strong></span> <span class='ocrx_word' id='word_1_116' title='bbox 876 2528 984 2608; x_wconf 87' lang='lat' dir='ltr'><strong>armis,</strong></span> 
     </span>
    </p>

    <p class='ocr_par' dir='ltr' id='par_1_7' title="bbox 97 2641 1109 2963">
     <span class='ocr_line' id='line_1_19' title="bbox 97 2641 1109 2733; baseline -0.002 -21"><span class='ocrx_word' id='word_1_117' title='bbox 97 2665 183 2732; x_wconf 86' lang='lat'><strong>2920</strong></span> <span class='ocrx_word' id='word_1_118' title='bbox 228 2646 267 2712; x_wconf 90' lang='lat' dir='ltr'><strong>Et</strong></span> <span class='ocrx_word' id='word_1_119' title='bbox 286 2666 428 2733; x_wconf 89' lang='lat' dir='ltr'><strong>pugnam</strong></span> <span class='ocrx_word' id='word_1_120' title='bbox 447 2641 564 2711; x_wconf 86' lang='lat' dir='ltr'><strong>faciunt</strong></span> <span class='ocrx_word' id='word_1_121' title='bbox 581 2660 801 2731; x_wconf 89' lang='lat' dir='ltr'><strong>temptantque</strong></span> <span class='ocrx_word' id='word_1_122' title='bbox 820 2643 963 2710; x_wconf 87' lang='lat' dir='ltr'><strong>resistere</strong></span> <span class='ocrx_word' id='word_1_123' title='bbox 984 2665 1109 2731; x_wconf 90' lang='lat' dir='ltr'><strong>camp0.</strong></span> 
     </span>
     <span class='ocr_line' id='line_1_20' title="bbox 230 2757 1034 2848; baseline -0.001 -21"><span class='ocrx_word' id='word_1_124' title='bbox 230 2757 426 2848; x_wconf 88' lang='lat' dir='ltr'><strong>Comipedes</strong></span> <span class='ocrx_word' id='word_1_125' title='bbox 444 2758 562 2847; x_wconf 87' lang='lat' dir='ltr'><strong>passim</strong></span> <span class='ocrx_word' id='word_1_126' title='bbox 577 2776 771 2840; x_wconf 89' lang='lat' dir='ltr'><strong>sternuntur,</strong></span> <span class='ocrx_word' id='word_1_127' title='bbox 790 2758 901 2828; x_wconf 90' lang='lat' dir='ltr'><strong>inutile</strong></span> <span class='ocrx_word' id='word_1_128' title='bbox 921 2758 1034 2827; x_wconf 89' lang='lat' dir='ltr'><strong>clausis</strong></span> 
     </span>
     <span class='ocr_line' id='line_1_21' title="bbox 229 2871 982 2963; baseline -0.004 -20"><span class='ocrx_word' id='word_1_129' title='bbox 229 2873 404 2955; x_wconf 83' lang='lat' dir='ltr'><strong>Auxilium,</strong></span> <span class='ocrx_word' id='word_1_130' title='bbox 425 2895 543 2960; x_wconf 87' lang='lat' dir='ltr'><strong>magna</strong></span> <span class='ocrx_word' id='word_1_131' title='bbox 566 2875 597 2940; x_wconf 95' lang='lat' dir='ltr'><strong>ui</strong></span> <span class='ocrx_word' id='word_1_132' title='bbox 617 2871 793 2941; x_wconf 89' lang='lat' dir='ltr'><strong>decertatur</strong></span> <span class='ocrx_word' id='word_1_133' title='bbox 811 2874 982 2963; x_wconf 88' lang='lat' dir='ltr'><strong>utrimque.</strong></span> 
     </span>
    </p>

    <p class='ocr_par' dir='ltr' id='par_1_8' title="bbox 231 2986 1007 3191">
     <span class='ocr_line' id='line_1_22' title="bbox 231 2986 936 3070; baseline -0.004 -13"><span class='ocrx_word' id='word_1_134' title='bbox 231 2990 287 3057; x_wconf 89' lang='lat' dir='ltr'><strong>Set</strong></span> <span class='ocrx_word' id='word_1_135' title='bbox 305 2987 378 3055; x_wconf 87' lang='lat' dir='ltr'><strong>fessi</strong></span> <span class='ocrx_word' id='word_1_136' title='bbox 397 2987 480 3054; x_wconf 87' lang='lat' dir='ltr'><strong>bello</strong></span> <span class='ocrx_word' id='word_1_137' title='bbox 500 2986 643 3055; x_wconf 91' lang='lat' dir='ltr'><strong>condunt</strong></span> <span class='ocrx_word' id='word_1_138' title='bbox 662 3011 695 3054; x_wconf 91' lang='lat' dir='ltr'><strong>se</strong></span> <span class='ocrx_word' id='word_1_139' title='bbox 714 2986 861 3057; x_wconf 89' lang='lat' dir='ltr'><strong>menibus</strong></span> <span class='ocrx_word' id='word_1_140' title='bbox 880 2987 936 3070; x_wconf 86' lang='lat' dir='ltr'><strong>illi,</strong></span> 
     </span>
     <span class='ocr_line' id='line_1_23' title="bbox 231 3101 1007 3191; baseline -0.001 -20"><span class='ocrx_word' id='word_1_141' title='bbox 231 3104 286 3172; x_wconf 92' lang='lat' dir='ltr'><strong>Hii</strong></span> <span class='ocrx_word' id='word_1_142' title='bbox 304 3102 363 3171; x_wconf 91' lang='lat' dir='ltr'><strong>sibi</strong></span> <span class='ocrx_word' id='word_1_143' title='bbox 382 3122 480 3171; x_wconf 88' lang='lat' dir='ltr'><strong>castra</strong></span> <span class='ocrx_word' id='word_1_144' title='bbox 498 3102 605 3171; x_wconf 89' lang='lat' dir='ltr'><strong>locant</strong></span> <span class='ocrx_word' id='word_1_145' title='bbox 624 3104 722 3191; x_wconf 90' lang='lat' dir='ltr'><strong>portis</strong></span> <span class='ocrx_word' id='word_1_146' title='bbox 741 3102 864 3170; x_wconf 88' lang='lat' dir='ltr'><strong>obiecta</strong></span> <span class='ocrx_word' id='word_1_147' title='bbox 884 3101 1007 3171; x_wconf 81' lang='lat' dir='ltr'><strong>duabus</strong></span> 
     </span>
    </p>

    <p class='ocr_par' dir='ltr' id='par_1_9' title="bbox 99 3217 1003 3309">
     <span class='ocr_line' id='line_1_24' title="bbox 99 3217 1003 3309; baseline -0.004 -21"><span class='ocrx_word' id='word_1_148' title='bbox 99 3242 182 3309; x_wconf 85' lang='lat'>2925</span> <span class='ocrx_word' id='word_1_149' title='bbox 231 3222 270 3288; x_wconf 81' lang='lat' dir='ltr'><strong>Et</strong></span> <span class='ocrx_word' id='word_1_150' title='bbox 289 3238 415 3287; x_wconf 86' lang='lat' dir='ltr'><strong>uastant</strong></span> <span class='ocrx_word' id='word_1_151' title='bbox 433 3219 549 3309; x_wconf 88' lang='lat' dir='ltr'><strong>pariter</strong></span> <span class='ocrx_word' id='word_1_152' title='bbox 568 3220 649 3286; x_wconf 90' lang='lat' dir='ltr'><strong>uites</strong></span> <span class='ocrx_word' id='word_1_153' title='bbox 668 3242 730 3307; x_wconf 93' lang='lat' dir='ltr'><strong>que</strong></span> <span class='ocrx_word' id='word_1_154' title='bbox 749 3219 890 3306; x_wconf 83' lang='lat' dir='ltr'><strong>ingentia</strong></span> <span class='ocrx_word' id='word_1_155' title='bbox 909 3217 1003 3287; x_wconf 88' lang='lat' dir='ltr'><strong>culta.</strong></span> 
     </span>
    </p>

    <p class='ocr_par' dir='ltr' id='par_1_10' title="bbox 229 3316 1147 3655">
     <span class='ocr_line' id='line_1_25' title="bbox 229 3316 1147 3404; baseline -0.005 0"><span class='ocrx_word' id='word_1_156' title='bbox 229 3336 326 3404; x_wconf 90' lang='lat' dir='ltr'><strong>Tunc</strong></span> <span class='ocrx_word' id='word_1_157' title='bbox 345 3335 441 3402; x_wconf 90' lang='lat' dir='ltr'><strong>etiam</strong></span> <span class='ocrx_word' id='word_1_158' title='bbox 460 3357 605 3403; x_wconf 88' lang='lat' dir='ltr'><strong>summus</strong></span> <span class='ocrx_word' id='word_1_159' title='bbox 625 3333 737 3402; x_wconf 93' lang='lat' dir='ltr'><strong>ductor</strong></span> <span class='ocrx_word' id='word_1_160' title='bbox 757 3333 940 3403; x_wconf 90' lang='lat' dir='ltr'><strong>Fredericus</strong></span> <span class='ocrx_word' id='word_1_161' title='bbox 960 3331 1076 3401; x_wconf 90' lang='lat' dir='ltr'><strong>eodem</strong></span> <span class='ocrx_word' id='word_1_162' title='bbox 1144 3316 1147 3323; x_wconf 38' lang='lat'>¹</span> 
     </span>
     <span class='ocr_line' id='line_1_26' title="bbox 231 3449 986 3539; baseline -0.003 -20"><span class='ocrx_word' id='word_1_163' title='bbox 231 3449 372 3519; x_wconf 87' lang='lat' dir='ltr'><strong>Aduenit</strong></span> <span class='ocrx_word' id='word_1_164' title='bbox 387 3468 419 3517; x_wconf 91' lang='lat' dir='ltr'><strong>et</strong></span> <span class='ocrx_word' id='word_1_165' title='bbox 438 3469 547 3517; x_wconf 88' lang='lat' dir='ltr'><strong>contra</strong></span> <span class='ocrx_word' id='word_1_166' title='bbox 567 3451 688 3517; x_wconf 88' lang='lat' dir='ltr'><strong>Setiam</strong></span> <span class='ocrx_word' id='word_1_167' title='bbox 707 3450 844 3517; x_wconf 85' lang='lat' dir='ltr'><strong>tentoria</strong></span> <span class='ocrx_word' id='word_1_168' title='bbox 861 3468 986 3539; x_wconf 89' lang='lat' dir='ltr'><strong>portam</strong></span> 
     </span>
     <span class='ocr_line' id='line_1_27' title="bbox 233 3563 890 3655; baseline -0.003 -22"><span class='ocrx_word' id='word_1_169' title='bbox 233 3567 317 3655; x_wconf 85' lang='lat' dir='ltr'><strong>Figit</strong></span> <span class='ocrx_word' id='word_1_170' title='bbox 335 3566 368 3632; x_wconf 94' lang='lat' dir='ltr'><strong>in</strong></span> <span class='ocrx_word' id='word_1_171' title='bbox 388 3564 516 3654; x_wconf 80' lang='lat' dir='ltr'><strong>obliqua</strong></span> <span class='ocrx_word' id='word_1_172' title='bbox 534 3564 621 3633; x_wconf 89' lang='lat' dir='ltr'><strong>fluuii</strong></span> <span class='ocrx_word' id='word_1_173' title='bbox 641 3563 797 3632; x_wconf 85' lang='lat' dir='ltr'><strong>radiancia</strong></span> <span class='ocrx_word' id='word_1_174' title='bbox 814 3564 890 3655; x_wconf 88' lang='lat' dir='ltr'><strong>ripa.</strong></span> 
     </span>
    </p>
   </div>
   <div class='ocr_carea' id='block_1_3' title="bbox 107 3783 1293 3924">
    <p class='ocr_par' dir='ltr' id='par_1_11' title="bbox 107 3783 1293 3924">
     <span class='ocr_line' id='line_1_28' title="bbox 154 3783 1293 3845; baseline 0.002 -15"><span class='ocrx_word' id='word_1_175' title='bbox 154 3797 222 3845; x_wconf 78' lang='lat'><strong>²9²7.</strong></span> <span class='ocrx_word' id='word_1_176' title='bbox 236 3785 334 3844; x_wconf 65' lang='lat' dir='ltr'><strong>Senam</strong></span> <span class='ocrx_word' id='word_1_177' title='bbox 349 3787 388 3842; x_wconf 66' lang='lat' dir='ltr'><strong>lez.</strong></span> <span class='ocrx_word' id='word_1_178' title='bbox 404 3785 512 3841; x_wconf 61' lang='lat' dir='ltr'><strong>interm</strong></span> <span class='ocrx_word' id='word_1_179' title='bbox 526 3798 548 3830; x_wconf 84' lang='grc' dir='ltr'><strong>ν.</strong></span> <span class='ocrx_word' id='word_1_180' title='bbox 563 3785 713 3843; x_wconf 71' lang='lat' dir='ltr'><strong>ilsacaimile</strong></span> <span class='ocrx_word' id='word_1_181' title='bbox 721 3785 749 3829; x_wconf 73' lang='lat' dir='ltr'><strong>dt</strong></span> <span class='ocrx_word' id='word_1_182' title='bbox 760 3789 841 3842; x_wconf 78' lang='lat' dir='ltr'><strong>questa</strong></span> <span class='ocrx_word' id='word_1_183' title='bbox 848 3785 952 3842; x_wconf 75' lang='lat' dir='ltr'><strong>pagina,</strong></span> <span class='ocrx_word' id='word_1_184' title='bbox 962 3798 975 3829; x_wconf 86' lang='lat' dir='ltr'><strong>e</strong></span> <span class='ocrx_word' id='word_1_185' title='bbox 985 3784 1004 3829; x_wconf 71' lang='grc' dir='ltr'><strong>ΙΙ</strong></span> <span class='ocrx_word' id='word_1_186' title='bbox 1012 3786 1129 3831; x_wconf 76' lang='lat' dir='ltr'><strong>ra&#39;aeontro</strong></span> <span class='ocrx_word' id='word_1_187' title='bbox 1137 3783 1180 3830; x_wconf 82' lang='lat' dir='ltr'><strong>dal</strong></span> <span class='ocrx_word' id='word_1_188' title='bbox 1187 3783 1293 3832; x_wconf 71' lang='lat' dir='ltr'><strong>Morem,</strong></span> 
     </span>
     <span class='ocr_line' id='line_1_29' title="bbox 107 3863 381 3924; baseline 0 -15"><span class='ocrx_word' id='word_1_189' title='bbox 107 3863 151 3921; x_wconf 77' lang='lat' dir='ltr'><strong>qua·</strong></span> <span class='ocrx_word' id='word_1_190' title='bbox 161 3868 230 3921; x_wconf 75' lang='lat' dir='ltr'><strong>sotto,</strong></span> <span class='ocrx_word' id='word_1_191' title='bbox 244 3867 271 3910; x_wconf 82' lang='grc' dir='ltr'><strong>αἱ</strong></span> <span class='ocrx_word' id='word_1_192' title='bbox 282 3878 301 3911; x_wconf 84' lang='grc' dir='ltr'><strong>ν.</strong></span> <span class='ocrx_word' id='word_1_193' title='bbox 317 3864 381 3924; x_wconf 76' lang='lat'><strong>2928.</strong></span> 
     </span>
    </p>
   </div>
   <div class='ocr_carea' id='block_1_4' title="bbox 103 4049 1297 4802">
    <p class='ocr_par' dir='ltr' id='par_1_12' title="bbox 103 4049 1297 4802">
     <span class='ocr_line' id='line_1_30' title="bbox 103 4049 1296 4124; baseline -0.001 -18"><span class='ocrx_word' id='word_1_194' title='bbox 103 4067 180 4124; x_wconf 86' lang='lat'><strong>2910.</strong></span> <span class='ocrx_word' id='word_1_195' title='bbox 195 4050 238 4107; x_wconf 82' lang='lat' dir='ltr'><strong>ef.</strong></span> <span class='ocrx_word' id='word_1_196' title='bbox 253 4052 342 4107; x_wconf 79' lang='lat' dir='ltr'><strong>Vetto.</strong></span> <span class='ocrx_word' id='word_1_197' title='bbox 359 4054 423 4109; x_wconf 76' lang='lat' dir='ltr'><strong>Aen.</strong></span> <span class='ocrx_word' id='word_1_198' title='bbox 437 4053 498 4120; x_wconf 91' lang='lat' dir='ltr'>VII,</span> <span class='ocrx_word' id='word_1_199' title='bbox 514 4068 572 4122; x_wconf 82' lang='lat'><strong>570.</strong></span> <span class='ocrx_word' id='word_1_200' title='bbox 712 4067 788 4122; x_wconf 84' lang='lat'><strong>2924.</strong></span> <span class='ocrx_word' id='word_1_201' title='bbox 803 4051 930 4123; x_wconf 82' lang='lat' dir='ltr'><strong>«duxque</strong></span> <span class='ocrx_word' id='word_1_202' title='bbox 942 4050 1181 4121; x_wconf 83' lang='lat' dir='ltr'><strong>Fredericusregis</strong></span> <span class='ocrx_word' id='word_1_203' title='bbox 1194 4049 1296 4105; x_wconf 87' lang='lat' dir='ltr'><strong>Curadi</strong></span> 
     </span>
     <span class='ocr_line' id='line_1_31' title="bbox 104 4136 1296 4208; baseline -0.002 -17"><span class='ocrx_word' id='word_1_204' title='bbox 104 4151 180 4208; x_wconf 73' lang='lat'><strong>2914.</strong></span> <span class='ocrx_word' id='word_1_205' title='bbox 202 4137 306 4190; x_wconf 78' lang='lat' dir='ltr'><strong>«...dux</strong></span> <span class='ocrx_word' id='word_1_206' title='bbox 326 4137 449 4191; x_wconf 88' lang='lat' dir='ltr'><strong>Curadus</strong></span> <span class='ocrx_word' id='word_1_207' title='bbox 467 4137 549 4191; x_wconf 87' lang='lat' dir='ltr'><strong>frater</strong></span> <span class='ocrx_word' id='word_1_208' title='bbox 573 4139 687 4208; x_wconf 83' lang='lat' dir='ltr'><strong>impera·</strong></span> <span class='ocrx_word' id='word_1_209' title='bbox 748 4136 843 4191; x_wconf 78' lang='lat' dir='ltr'><strong>«filius</strong></span> <span class='ocrx_word' id='word_1_210' title='bbox 855 4136 924 4190; x_wconf 85' lang='lat' dir='ltr'><strong>ultra</strong></span> <span class='ocrx_word' id='word_1_211' title='bbox 938 4136 1095 4207; x_wconf 88' lang='lat' dir='ltr'><strong>Magolzum</strong></span> <span class='ocrx_word' id='word_1_212' title='bbox 1111 4139 1179 4190; x_wconf 89' lang='lat' dir='ltr'><strong>intra</strong></span> <span class='ocrx_word' id='word_1_213' title='bbox 1189 4147 1296 4207; x_wconf 90' lang='lat' dir='ltr'><strong>portam</strong></span> 
     </span>
     <span class='ocr_line' id='line_1_32' title="bbox 141 4220 1296 4295; baseline 0.003 -23"><span class='ocrx_word' id='word_1_214' title='bbox 141 4224 231 4277; x_wconf 75' lang='lat' dir='ltr'><strong>«toris</strong></span> <span class='ocrx_word' id='word_1_215' title='bbox 241 4239 305 4275; x_wconf 89' lang='lat' dir='ltr'><strong>cum</strong></span> <span class='ocrx_word' id='word_1_216' title='bbox 315 4239 364 4275; x_wconf 89' lang='lat' dir='ltr'><strong>suo</strong></span> <span class='ocrx_word' id='word_1_217' title='bbox 375 4225 501 4289; x_wconf 83' lang='lat' dir='ltr'><strong>exercitu,</strong></span> <span class='ocrx_word' id='word_1_218' title='bbox 516 4239 609 4277; x_wconf 87' lang='lat' dir='ltr'><strong>comes</strong></span> <span class='ocrx_word' id='word_1_219' title='bbox 621 4240 688 4295; x_wconf 92' lang='lat' dir='ltr'><strong>quo·</strong></span> <span class='ocrx_word' id='word_1_220' title='bbox 748 4222 806 4276; x_wconf 75' lang='lat' dir='ltr'><strong>«de</strong></span> <span class='ocrx_word' id='word_1_221' title='bbox 826 4221 976 4276; x_wconf 89' lang='lat' dir='ltr'><strong>Umbriano</strong></span> <span class='ocrx_word' id='word_1_222' title='bbox 998 4233 1024 4275; x_wconf 88' lang='lat' dir='ltr'><strong>et</strong></span> <span class='ocrx_word' id='word_1_223' title='bbox 1047 4233 1154 4292; x_wconf 91' lang='lat' dir='ltr'><strong>portam</strong></span> <span class='ocrx_word' id='word_1_224' title='bbox 1177 4220 1210 4275; x_wconf 90' lang='lat' dir='ltr'><strong>de</strong></span> <span class='ocrx_word' id='word_1_225' title='bbox 1235 4221 1296 4275; x_wconf 88' lang='lat' dir='ltr'><strong>Pla-</strong></span> 
     </span>
     <span class='ocr_line' id='line_1_33' title="bbox 140 4294 1295 4379; baseline 0.001 -20"><span class='ocrx_word' id='word_1_226' title='bbox 140 4327 155 4357; x_wconf 80' lang='lat'>«</span> <span class='ocrx_word' id='word_1_227' title='bbox 166 4324 217 4378; x_wconf 93' lang='lat' dir='ltr'><strong>que</strong></span> <span class='ocrx_word' id='word_1_228' title='bbox 229 4305 297 4360; x_wconf 87' lang='lat' dir='ltr'><strong>Otto</strong></span> <span class='ocrx_word' id='word_1_229' title='bbox 306 4305 490 4377; x_wconf 86' lang='lat' dir='ltr'><strong>falzusgravus</strong></span> <span class='ocrx_word' id='word_1_230' title='bbox 500 4307 597 4379; x_wconf 87' lang='lat' dir='ltr'><strong>aliique</strong></span> <span class='ocrx_word' id='word_1_231' title='bbox 606 4310 688 4362; x_wconf 88' lang='lat' dir='ltr'><strong>etiam</strong></span> <span class='ocrx_word' id='word_1_232' title='bbox 748 4294 864 4377; x_wconf 73' lang='lat' dir='ltr'><strong>enengo</strong></span> <span class='ocrx_word' id='word_1_233' title='bbox 881 4323 944 4360; x_wconf 89' lang='lat' dir='ltr'><strong>cum</strong></span> <span class='ocrx_word' id='word_1_234' title='bbox 959 4304 1065 4360; x_wconf 89' lang='lat' dir='ltr'><strong>aliis</strong></span> <span class='ocrx_word' id='word_1_235' title='bbox 1080 4319 1165 4360; x_wconf 88' lang='lat' dir='ltr'><strong>castra</strong></span> <span class='ocrx_word' id='word_1_236' title='bbox 1178 4317 1295 4360; x_wconf 86' lang='lat' dir='ltr'><strong>metatus</strong></span> 
     </span>
     <span class='ocr_line' id='line_1_34' title="bbox 141 4389 1178 4463; baseline 0.003 -21"><span class='ocrx_word' id='word_1_237' title='bbox 141 4412 156 4442; x_wconf 73' lang='lat' dir='ltr'><strong>a</strong></span> <span class='ocrx_word' id='word_1_238' title='bbox 167 4408 230 4445; x_wconf 90' lang='lat' dir='ltr'><strong>cum</strong></span> <span class='ocrx_word' id='word_1_239' title='bbox 249 4408 283 4445; x_wconf 92' lang='lat' dir='ltr'><strong>eo</strong></span> <span class='ocrx_word' id='word_1_240' title='bbox 298 4393 432 4462; x_wconf 88' lang='lat' dir='ltr'><strong>principes</strong></span> <span class='ocrx_word' id='word_1_241' title='bbox 448 4404 509 4446; x_wconf 90' lang='lat' dir='ltr'><strong>ante</strong></span> <span class='ocrx_word' id='word_1_242' title='bbox 528 4405 636 4463; x_wconf 88' lang='lat' dir='ltr'><strong>portam</strong></span> <span class='ocrx_word' id='word_1_243' title='bbox 655 4393 688 4445; x_wconf 88' lang='lat' dir='ltr'><strong>de</strong></span> <span class='ocrx_word' id='word_1_244' title='bbox 750 4403 848 4445; x_wconf 77' lang='lat' dir='ltr'><strong>aest».</strong></span> <span class='ocrx_word' id='word_1_245' title='bbox 865 4390 901 4445; x_wconf 92' lang='lat' dir='ltr'><strong>O.</strong></span> <span class='ocrx_word' id='word_1_246' title='bbox 914 4391 1049 4455; x_wconf 67' lang='lat' dir='ltr'><strong>Monstra,</strong></span> <span class='ocrx_word' id='word_1_247' title='bbox 1064 4389 1118 4444; x_wconf 85' lang='lat' dir='ltr'><strong>loc.</strong></span> <span class='ocrx_word' id='word_1_248' title='bbox 1135 4392 1178 4445; x_wconf 88' lang='lat' dir='ltr'><strong>cit.</strong></span> 
     </span>
     <span class='ocr_line' id='line_1_35' title="bbox 141 4474 1297 4547; baseline 0.001 -19"><span class='ocrx_word' id='word_1_249' title='bbox 141 4475 317 4529; x_wconf 81' lang='lat' dir='ltr'><strong>«Umbriano</strong></span> <span class='ocrx_word' id='word_1_250' title='bbox 328 4493 376 4529; x_wconf 89' lang='lat' dir='ltr'><strong>sua</strong></span> <span class='ocrx_word' id='word_1_251' title='bbox 386 4487 472 4530; x_wconf 87' lang='lat' dir='ltr'><strong>castra</strong></span> <span class='ocrx_word' id='word_1_252' title='bbox 483 4488 649 4547; x_wconf 83' lang='lat' dir='ltr'><strong>posuerunt..</strong></span> <span class='ocrx_word' id='word_1_253' title='bbox 664 4497 687 4529; x_wconf 75' lang='lat' dir='ltr'><strong>n.</strong></span> <span class='ocrx_word' id='word_1_254' title='bbox 714 4477 789 4547; x_wconf 84' lang='lat'><strong>2928.</strong></span> <span class='ocrx_word' id='word_1_255' title='bbox 807 4476 983 4545; x_wconf 77' lang='lat' dir='ltr'><strong>«imperator</strong></span> <span class='ocrx_word' id='word_1_256' title='bbox 1000 4491 1065 4529; x_wconf 90' lang='lat' dir='ltr'><strong>vero</strong></span> <span class='ocrx_word' id='word_1_257' title='bbox 1085 4492 1100 4528; x_wconf 89' lang='lat' dir='ltr'><strong>a</strong></span> <span class='ocrx_word' id='word_1_258' title='bbox 1119 4485 1197 4545; x_wconf 86' lang='lat' dir='ltr'><strong>porta</strong></span> <span class='ocrx_word' id='word_1_259' title='bbox 1215 4474 1297 4529; x_wconf 84' lang='lat' dir='ltr'><strong>Serrii</strong></span> 
     </span>
     <span class='ocr_line' id='line_1_36' title="bbox 142 4557 1297 4631; baseline -0.002 -16"><span class='ocrx_word' id='word_1_260' title='bbox 142 4560 179 4615; x_wconf 92' lang='grc' dir='ltr'><strong>Ο.</strong></span> <span class='ocrx_word' id='word_1_261' title='bbox 192 4560 318 4614; x_wconf 79' lang='lat' dir='ltr'><strong>Monaun</strong></span> <span class='ocrx_word' id='word_1_262' title='bbox 331 4561 371 4614; x_wconf 79' lang='lat' dir='ltr'><strong>De</strong></span> <span class='ocrx_word' id='word_1_263' title='bbox 386 4562 436 4614; x_wconf 79' lang='lat' dir='ltr'><strong>rab.</strong></span> <span class='ocrx_word' id='word_1_264' title='bbox 452 4561 532 4617; x_wconf 81' lang='lat' dir='ltr'><strong>Laud.</strong></span> <span class='ocrx_word' id='word_1_265' title='bbox 545 4560 604 4616; x_wconf 86' lang='lat'><strong>612.</strong></span> <span class='ocrx_word' id='word_1_266' title='bbox 749 4581 764 4611; x_wconf 76' lang='grc' dir='ltr'><em>α</em></span> <span class='ocrx_word' id='word_1_267' title='bbox 774 4560 843 4614; x_wconf 84' lang='lat' dir='ltr'><strong>ultra</strong></span> <span class='ocrx_word' id='word_1_268' title='bbox 859 4563 946 4631; x_wconf 89' lang='lat' dir='ltr'><strong>ipsum</strong></span> <span class='ocrx_word' id='word_1_269' title='bbox 964 4559 1085 4614; x_wconf 89' lang='lat' dir='ltr'><strong>Serrium</strong></span> <span class='ocrx_word' id='word_1_270' title='bbox 1100 4571 1127 4613; x_wconf 92' lang='lat' dir='ltr'><strong>et</strong></span> <span class='ocrx_word' id='word_1_271' title='bbox 1140 4557 1197 4613; x_wconf 88' lang='lat' dir='ltr'><strong>fere</strong></span> <span class='ocrx_word' id='word_1_272' title='bbox 1212 4576 1297 4630; x_wconf 87' lang='lat' dir='ltr'><strong>usque</strong></span> 
     </span>
     <span class='ocr_line' id='line_1_37' title="bbox 106 4643 1297 4716; baseline -0.001 -17"><span class='ocrx_word' id='word_1_273' title='bbox 106 4660 183 4715; x_wconf 89' lang='lat'><strong>2917.</strong></span> <span class='ocrx_word' id='word_1_274' title='bbox 196 4645 305 4699; x_wconf 71' lang='lat' dir='ltr'><strong>Lucan,</strong></span> <span class='ocrx_word' id='word_1_275' title='bbox 319 4645 405 4698; x_wconf 85' lang='lat' dir='ltr'><strong>Phars.</strong></span> <span class='ocrx_word' id='word_1_276' title='bbox 422 4644 468 4711; x_wconf 87' lang='grc' dir='ltr'>ΙΙΙ,</span> <span class='ocrx_word' id='word_1_277' title='bbox 481 4644 541 4713; x_wconf 87' lang='lat'><strong>675.</strong></span> <span class='ocrx_word' id='word_1_278' title='bbox 750 4666 763 4696; x_wconf 80' lang='lat' dir='ltr'><strong>n</strong></span> <span class='ocrx_word' id='word_1_279' title='bbox 775 4647 808 4699; x_wconf 87' lang='lat' dir='ltr'><strong>ad</strong></span> <span class='ocrx_word' id='word_1_280' title='bbox 824 4656 930 4716; x_wconf 87' lang='lat' dir='ltr'><strong>portam</strong></span> <span class='ocrx_word' id='word_1_281' title='bbox 941 4645 974 4698; x_wconf 93' lang='lat' dir='ltr'><strong>de</strong></span> <span class='ocrx_word' id='word_1_282' title='bbox 984 4643 1092 4698; x_wconf 85' lang='lat' dir='ltr'><strong>Rivolta</strong></span> <span class='ocrx_word' id='word_1_283' title='bbox 1102 4644 1230 4715; x_wconf 88' lang='lat' dir='ltr'><strong>hospitati</strong></span> <span class='ocrx_word' id='word_1_284' title='bbox 1240 4643 1297 4698; x_wconf 80' lang='lat' dir='ltr'><strong>fue-</strong></span> 
     </span>
     <span class='ocr_line' id='line_1_38' title="bbox 106 4729 1200 4802; baseline 0 -19"><span class='ocrx_word' id='word_1_285' title='bbox 106 4744 182 4802; x_wconf 88' lang='lat'><strong>29¹9·</strong></span> <span class='ocrx_word' id='word_1_286' title='bbox 199 4729 242 4785; x_wconf 83' lang='lat' dir='ltr'><strong>Cf.</strong></span> <span class='ocrx_word' id='word_1_287' title='bbox 256 4729 347 4783; x_wconf 76' lang='lat' dir='ltr'><strong>Vano.</strong></span> <span class='ocrx_word' id='word_1_288' title='bbox 362 4729 426 4784; x_wconf 75' lang='lat' dir='ltr'><strong>Aen.</strong></span> <span class='ocrx_word' id='word_1_289' title='bbox 442 4730 475 4796; x_wconf 88' lang='grc' dir='ltr'><strong>ΙΙ,</strong></span> <span class='ocrx_word' id='word_1_290' title='bbox 494 4731 551 4800; x_wconf 87' lang='lat'><strong>518.</strong></span> <span class='ocrx_word' id='word_1_291' title='bbox 751 4742 869 4786; x_wconf 78' lang='lat' dir='ltr'><strong>«rant».</strong></span> <span class='ocrx_word' id='word_1_292' title='bbox 886 4730 922 4785; x_wconf 92' lang='lat' dir='ltr'><strong>O.</strong></span> <span class='ocrx_word' id='word_1_293' title='bbox 938 4731 1073 4796; x_wconf 73' lang='lat' dir='ltr'><strong>Monam,</strong></span> <span class='ocrx_word' id='word_1_294' title='bbox 1087 4729 1140 4784; x_wconf 90' lang='lat' dir='ltr'><strong>loc.</strong></span> <span class='ocrx_word' id='word_1_295' title='bbox 1156 4732 1200 4784; x_wconf 79' lang='lat' dir='ltr'><strong>cit</strong></span> 
     </span>
    </p>
   </div>
   <div class='ocr_carea' id='block_1_5' title="bbox 0 0 1742 5754">
    <p class='ocr_par' dir='ltr' id='par_1_13' title="bbox 0 0 1742 5754">
     <span class='ocr_line' id='line_1_39' title="bbox 0 0 1742 5754; baseline 0 0"><span class='ocrx_word' id='word_1_296' title='bbox 0 0 1742 5754; x_wconf 95' lang='lat' dir='ltr'><strong> </strong></span> 
     </span>
    </p>
   </div>
  </div>
 </body>
</html>
