3300 5796
801 526 1056 582 ANONIMO

1134 653 1536 664 *—

470 775 573 842 Marte
592 774 683 858 fetas,
702 797 764 863 que
783 775 866 843 iussa
886 775 974 844 ducis
993 800 1139 865 spteuete
1159 777 1303 866 superbe,

472 891 731 981 criminibusque
749 916 840 961 reum
859 892 1075 982 condempnat
1094 894 1327 976 Mediolanum,

471 1009 510 1074 Et
530 1007 625 1075 simul
644 1027 777 1076 euacuat
795 1008 896 1092 feduS,
916 1009 1003 1098 quod
1023 1011 1126 1076 Brixia
1145 1011 1231 1078 ciues
1450 1033 1536 1097 1550

473 1123 667 1211 Pergameos
687 1123 769 1192 bello
789 1143 898 1213 captos
916 1126 1018 1193 iurare
1037 1126 1153 1213 coegit,

471 1241 518 1305 Ac
537 1239 797 1329 pseudopopulos
816 1242 954 1310 Romani
972 1241 1089 1309 iudicat
1108 1241 1217 1309 hostes

472 1355 613 1443 Imperii,
632 1356 785 1445 quoniam
803 1380 914 1445 regem
933 1380 1080 1446 spreuere
1100 1357 1277 1445 benignum

471 1472 543 1539 Nec
563 1471 693 1539 uoluere
710 1474 800 1561 sequi
818 1473 905 1561 leges
924 1493 956 1541 et
974 1497 1107 1542 munera
1126 1474 1220 1563 pacis.

473 1586 569 1654 Tunc
589 1585 661 1653 belli
679 1587 810 1675 signum
829 1588 1013 1657 Fredericus
1031 1613 1122 1657 more
1142 1608 1269 1658 uetusto
1449 1611 1531 1674 1555

474 1703 581 1770 Exerit
600 1722 631 1770 et
650 1726 819 1792 procerum
837 1704 944 1773 laudat
963 1706 1107 1774 consulta
1126 1729 1271 1773 suorum.

474 1817 563 1886 Ilicet
581 1842 659 1907 ergo
677 1817 786 1902 duces,
805 1820 973 1889 Frederico
992 1845 1067 1909 rege
1086 1820 1226 1903 iubente,

470 1934 618 2018 Jutantes
636 1935 733 2002 sotias
751 1935 911 2025 spondent
929 1937 961 2004 in
982 1938 1077 2025 prelia
1096 1938 1178 2005 uires

476 2049 748 2141 Constituuntque
767 2052 853 2120 diem
871 2075 936 2142 quo
956 2050 1069 2120 debeat
1088 2077 1157 2120 esse
1176 2071 1301 2141 paratus

477 2164 625 2255 Quisque
644 2186 680 2235 ut
696 2166 730 2234 in
750 2167 873 2235 ltaliam
893 2168 1062 2236 dominum
1082 2169 1252 2235 comitetur
1270 2187 1413 2236 euntem.
1453 2174 1537 2253 1560

477 2282 586 2350 Iutant
604 2302 637 2350 et
654 2283 798 2371 LigureS,
818 2284 931 2372 quibus
951 2285 1086 2352 eximius
1106 2285 1289 2352 Fredericus

479 2398 628 2485 Imperat,
649 2417 684 2465 ut
701 2399 794 2466 rebus
813 2400 961 2467 studeant
980 2401 1138 2489 armisque
1156 2400 1268 2489 parari,

480 2513 523 2578 Ut
541 2513 666 2580 ualeant
684 2512 727 2579 illi
745 2533 930 2602 promptum
949 2515 1078 2604 prebere
1097 2516 1247 2584 iuuamen

475 2628 546 2695 Nec
565 2628 670 2695 minus
689 2647 724 2696 ut
743 2630 868 2717 capiant
885 2653 966 2719 quos
984 2632 1108 2718 possint
1127 2630 1301 2698 Mediolani

477 2741 602 2809 Deinde
622 2743 708 2811 uiros
728 2743 909 2832 bellumque
928 2765 1041 2833 gerant
1059 2770 1132 2813 cum
1152 2765 1248 2834 gente
1268 2746 1410 2826 scelesta,
1455 2768 1465 2810 1
1475 2750 1516 2830 56
1519 2767 1535 2829 5

477 2857 642 2926 Auxilium
661 2858 772 2926 dantes
792 2883 855 2947 qua
873 2881 1008 2948 possunt
1025 2881 1112 2951 parte
1131 2863 1238 2950 Papie.

481 2974 550 3040 Hec
570 2993 678 3041 tamen
698 2974 815 3043 obnixe
833 2977 971 3065 iniungit
990 2978 1138 3045 mandata
1159 2979 1321 3045 Cremone

477 3091 716 3180 Pergameeque
735 3091 814 3171 urbi,
835 3093 1021 3180 permittens
1041 3093 1089 3160 ius
1109 3092 1255 3174 faciendi,

478 3206 512 3272 Si
531 3205 662 3293 placeat,
681 3206 851 3294 propriam,
872 3208 953 3274 sicut
972 3209 1100 3295 petiere,
1119 3227 1295 3275 monetam.

479 3319 622 3387 Cunctos
642 3320 790 3388 sollicitat
810 3344 956 3408 proceres
976 3341 1069 3411 atque
1090 3345 1176 3388 arma
1196 3321 1296 3410 parari
1457 3342 1541 3407 1570

480 3435 616 3524 Precipit
635 3456 667 3504 et
685 3435 837 3526 quidquid
856 3435 1012 3504 bellorum
1032 3437 1170 3525 postulat
1189 3460 1274 3504 usus.

481 3552 587 3639 Atque
606 3553 649 3618 ita
668 3552 804 3619 concilio
824 3571 970 3640 repetunt
988 3577 1044 3620 sua
1063 3553 1180 3641 quique
1199 3552 1305 3619 soluto

482 3665 587 3754 Seque
605 3687 717 3755 parant
734 3666 827 3734 rebus
846 3666 919 3734 belli
937 3666 1053 3756 quibus
1072 3665 1193 3754 indiget
1211 3688 1297 3733 usus.

482 3782 615 3871 Iamque
633 3807 690 3872 per
707 3802 869 3850 extremos
889 3782 1047 3851 bellorum
1066 3782 1151 3849 lama
1170 3804 1312 3849 recessus

482 3897 646 3986 Spargitur
663 3900 798 3988 imperii,
816 3897 956 3966 referens
977 3897 1062 3966 bona
1080 3899 1181 3966 multa
1199 3896 1361 3964 habituros
1460 3917 1540 3982 1575

483 4013 549 4094 Qui
569 4014 686 4085 fuerint
703 4019 769 4106 tegi
790 4017 935 4098 comites,
955 4015 1098 4105 ditesque
1116 4015 1261 4095 futuros3

480 4130 619 4198 Necnon
639 4132 754 4221 regalis
773 4155 841 4199 non
860 4150 961 4198 cessat
981 4133 1111 4199 nuntius
1130 4150 1246 4195 omnes

353 4480 426 4551 1565.
444 4481 486 4537 Cf.
500 4484 589 4538 Vtro.
606 4486 668 4540 Aen
683 4486 805 4554 Xl,113.
997 4486 1090 4558 quello
1115 4503 1130 4538 a
1154 4484 1247 4539 satore
1272 4486 1313 4538 dei
1337 4485 1500 4539 Cremonesi
1519 4486 1546 4537 in

352 4563 479 4637 1567-70.
499 4568 510 4620 1
532 4569 694 4624 Cremonesi
716 4583 860 4625 ortennero
878 4570 935 4624 dal·
998 4569 1547 4641 Murrrorranttq.ltat.mediiaat,11,

385 4650 572 4723 l’imperatore
592 4654 716 4709 ildIritto
732 4657 758 4709 di
773 4659 861 4709 batter
876 4673 936 4709 mo
1000 4672 1064 4724 591;
1083 4656 1176 4727 quello
1191 4673 1206 4708 a
1226 4654 1319 4708 favore
1338 4654 1381 4708 dei
1400 4654 1547 4724 Bergama-

384 4737 934 4811 netanel1155,iBergamaschinel1156.
998 4741 1056 4795 schi
1076 4743 1102 4795 in
1119 4740 1209 4806 Luae,
1229 4739 1290 4794 Cod.
1306 4739 1366 4811 dipl.
1387 4740 1501 4809 Bergom.
1512 4737 1547 4805 11,

386 4818 397 4872 l
420 4821 524 4876 relativi
548 4822 662 4892 diplomi
685 4841 756 4879 sono
782 4843 796 4878 a
819 4839 934 4895 stampa,
1001 4823 1297 4895 1343(ctsromr,n.
1310 4824 1505 4894 3723e3743).
