3300 5796
680 507 935 562 ANONIMO

63 777 86 812 c.
103 779 156 826 91c
354 755 466 820 «Erue
485 775 544 821 nos
562 753 693 822 tandem
712 774 840 822 nostros
859 755 1006 822 miserate
1023 754 1151 822 labores

202 870 205 874 ’
353 870 422 936 «Et
439 869 503 936 cito
521 869 689 938 subueniat
707 871 830 937 miseris
847 889 902 938 tua
920 869 1049 937 dextera
1067 868 1163 937 nobis
1174 896 1207 936 11.

350 985 402 1051 Sic
420 987 560 1074 queritur
577 985 683 1074 presul
689 1012 699 1068 ;
718 1005 792 1075 post
809 1009 906 1075 quem
924 1008 982 1053 sua
1000 985 1141 1074 dampna
1160 1003 1308 1054 recenset

351 1098 477 1168 Ordine
496 1121 610 1168 cuncta
628 1124 688 1169 suo
709 1099 884 1169 Laudensis
903 1102 1034 1169 nuntius
1052 1100 1150 1183 urbis,
1332 1120 1408 1186 1430

350 1215 601 1306 Suppliciterque
620 1236 712 1305 rogat
730 1218 853 1284 miseris
871 1239 1052 1284 succurrere
1070 1239 1193 1306 regem.

352 1331 502 1418 Ingrauat
520 1331 578 1398 hec
597 1332 751 1421 replicans
771 1331 880 1400 Obizo
898 1331 1055 1399 facundus
1073 1350 1106 1399 et
1125 1350 1224 1420 auget

350 1447 472 1513 Irarum
491 1445 648 1528 stimulos,
668 1448 759 1516 dictis
778 1450 821 1515 ita
839 1447 921 1516 fatus
940 1451 1074 1514 amaris:

355 1562 462 1642 «Que
480 1562 564 1628 mala
582 1585 638 1650 per
656 1564 812 1652 Ligurum
832 1565 895 1630 iam
915 1563 1037 1631 dudum
1056 1561 1165 1631 fecerit
1184 1563 1290 1645 urbes,

355 1676 524 1765 «Legibus
544 1678 683 1760 abiectis,
702 1701 781 1765 gens
801 1680 898 1768 impia
917 1678 1094 1746 Mediolani
1331 1699 1406 1764 1435

355 1819 371 1854 «
384 1793 489 1860 Scinrr
508 1810 539 1859 et
554 1810 603 1858 est
621 1811 747 1875 notum,
767 1811 871 1861 rector
887 1796 950 1883 pie,
969 1793 1118 1883 gentibus
1137 1793 1234 1861 orbis.

356 1908 534 1996 «Namque
552 1927 589 1974 ut
606 1927 781 1997 preteream
799 1908 887 1998 quod
906 1887 1017 2000 iniquo
1038 1912 1140 1978 Marte
1159 1909 1307 1977 subactas

356 2049 371 2084 «
384 2022 540 2091 Funditus
559 2024 671 2091 euertit
689 2025 836 2111 geminas
853 2025 1054 2114 populosque
1073 2027 1181 2113 coegit

355 2142 424 2207 «Vi
444 2143 562 2209 seruire
582 2140 651 2223 sibi,
669 2142 741 2230 quis
760 2142 881 2208 nesciat
897 2141 1038 2230 undique
1056 2160 1189 2230 quantas

356 2283 371 2320 11
383 2259 504 2324 Vicinis
523 2277 645 2345 strages
664 2256 809 2324 dederit?
827 2259 1017 2347 quantisque
1036 2259 1151 2346 rapinis
1332 2276 1410 2342 1440

357 2373 551 2459 «Pergama,
570 2374 749 2462 Nouariam
768 2375 932 2442 uexauerit
950 2393 1044 2462 atque
1063 2375 1194 2461 Papiam

355 2489 424 2554 «Et
441 2487 537 2554 simul
556 2485 690 2555 aduerso
709 2487 891 2577 depressam
912 2492 1014 2557 Marte
1035 2488 1259 2556 Cremonam?

355 2602 496 2670 «Castra
514 2605 584 2692 quis
602 2605 731 2689 ignoret
747 2623 827 2692 quot
844 2604 962 2694 ubique
981 2606 1129 2674 euerterit
1146 2603 1251 2672 olim?

357 2720 561 2807 «Nunquam
581 2720 700 2786 etenim
717 2743 828 2808 pacem
847 2739 895 2788 set
911 2720 1006 2809 prelia
1025 2743 1152 2810 semper
1170 2721 1303 2801 amauit,

358 2835 483 2923 «Siqua
501 2836 566 2902 suis
587 2853 739 2923 cuperent
758 2835 885 2903 castella
903 2838 1047 2904 resistere
1066 2836 1148 2903 forte
1332 2855 1408 2920 1445

357 2948 533 3025 «Vrbibus,
554 2949 707 3017 auxilium
726 2947 785 3017 fult
804 2950 864 3017 hec
882 2950 1013 3038 prebere
1031 2969 1137 3038 parata

358 3065 475 3132 «Illico
495 3065 638 3133 castellis.
677 3067 722 3131 sic
741 3066 853 3132 restitit
874 3065 980 3132 Insula
1000 3065 1124 3146 Cumis,

358 3183 438 3248 «Sic
458 3204 587 3271 quoque
607 3183 782 3249 Nouariam
803 3181 872 3249 lesit
891 3182 1022 3249 Galeate
1040 3182 1264 3269 propinquam,

357 3298 545 3385 «Lisuaque
564 3298 757 3385 Pergameos
777 3320 852 3364 ausa
871 3316 918 3363 est
936 3319 1052 3363 nexare
1071 3314 1227 3384 potentes.

358 3412 446 3477 «His
467 3412 585 3478 Crema
602 3410 748 3480 subsidiis
768 3414 959 3500 contempsit
977 3410 1055 3483 freta
1076 3411 1284 3490 Cremonam,
1331 3432 1412 3497 1450

358 3530 448 3596 «llis
467 3552 595 3618 quoque
612 3531 787 3617 Pergamee
806 3531 893 3616 genti
913 3550 969 3595 sua
988 3529 1056 3594 iura
1074 3528 1213 3615 negauit.

360 3643 491 3725 «Quid,
510 3643 596 3733 quod
617 3645 754 3712 Romani
771 3666 850 3731 gens
871 3642 929 3708 hec
949 3642 1080 3709 uiolauit
1100 3641 1257 3707 honorem

358 3759 527 3846 «Imperii,
548 3761 702 3847 iussisque
722 3760 784 3826 tuis
802 3781 869 3825 non
888 3759 990 3846 paruit
1009 3756 1189 3845 umquam?

277 4000 344 4049 ¹43¹·
359 3990 415 4035 cod,
430 4004 547 4036 sucurrere
604 4004 673 4049 1450,
689 3991 745 4036 Cod.
760 3989 903 4046 contempnit

220 4216 294 4272 1417.
307 4201 397 4256 vno.
410 4204 475 4258 Aen.
487 4203 508 4269 1,
520 4219 578 4275 597.
866 4202 891 4254 d'
902 4201 972 4267 Iseo,
991 4217 1006 4254 e
1026 4200 1104 4254 Lisna
1128 4216 1184 4253 non
1203 4203 1259 4271 puo
1277 4215 1368 4254 essere
1387 4216 1417 4254 se
1463 4191 1465 4194 ⁸

220 4303 295 4357 1431·
307 4286 396 4341 Vetto.
409 4289 473 4343 Aen.
487 4287 508 4354 1,
520 4286 580 4357 630.
866 4302 922 4339 non
941 4283 1029 4339 forma
1056 4295 1190 4350 corrona;
1209 4284 1297 4349 Hirm,
1322 4284 1374 4338 che
1398 4284 1418 4336 il

220 4386 294 4438 1432.
308 4370 399 4427 Vetto.
415 4374 478 4426 Aen.
494 4371 541 4431 x1‚
556 4388 615 4427 220.
865 4384 947 4443 poeta
957 4372 1108 4441 adoptanei
1119 4387 1162 4424 vv.
1173 4368 1249 4439 3164,
1262 4385 1338 4438 3177,
1350 4371 1417 4442 3198

220 4470 294 4527 1447.
307 4455 398 4510 Varo.
410 4457 474 4511 Aen.
488 4456 522 4521 X,
539 4472 597 4528 591.
866 4475 880 4510 0
896 4472 971 4526 3207,
986 4457 1031 4527 qui
1045 4472 1101 4510 non
1114 4455 1225 4509 sarebbe
1239 4466 1309 4509 stato
1326 4458 1417 4510 conci-

220 4539 552 4607 1441,11101111.Ρ11111.1,
570 4542 626 4608 308.
866 4540 957 4594 liabile
972 4540 1015 4594 col
1031 4553 1132 4602 111011ος
1151 4540 1243 4604 Hisne,
1259 4539 1419 4610 paleografi·

220 4622 403 4692 1447110110]
420 4642 446 4677 v.
466 4624 616 4678 Rauewuu
637 4624 712 4679 Gesta
731 4623 803 4678 frid.
866 4623 1416 4695 01010110111110101111011010300ὶί111,

253 4707 300 4776 IV,
317 4708 331 4778 S
347 4725 388 4778 30·
866 4726 912 4762 ma
930 4713 945 4762 e
966 4708 1055 4763 lorma
1079 4725 1136 4763 non
1161 4723 1245 4761 meno
1271 4708 1417 4776 impropria

220 4807 293 4862 1449.
315 4789 454 4864 listraque]
478 4794 506 4847 st
531 4805 610 4847 tratta
637 4807 803 4848 construente
866 4794 1007 4848 dell’altra.
